2782 4290
283 420 325 487 82

284 603 321 672 01
348 620 424 673 eam
449 597 572 670 tollere
599 597 817 688 conabantur,
845 595 986 670 retentis
1011 597 1165 688 brachiis
1196 601 1295 690 quasi

283 733 443 823 glutinati
476 729 696 802 inhaerebant
729 729 936 819 iniuratm,
975 736 1010 803 ot
1043 751 1109 802 non
1137 738 1295 820 poterant

282 888 319 940 00
346 885 500 955 movere,
536 869 716 954 antequam
748 863 814 935 Dei
849 864 960 953 gratia
993 871 1029 936 01
1063 866 1293 953 apostolorum

282 1001 443 1092 petitione
471 999 595 1071 iterum
615 997 755 1070 resoluti
782 995 926 1087 fueraut,
957 1002 992 1070 01
1020 1002 1100 1070 1000
1128 1020 1186 1071 000
1214 1002 1295 1072 reli-

282 1138 441 1224 querunt.
480 1130 604 1202 Sancta
617 1127 727 1202 Maria
752 1130 786 1199 iu
814 1131 872 1201 illo
900 1129 977 1201 loco
1005 1131 1039 1200 iu
1067 1133 1293 1207 medioJeru-

281 1266 385 1337 salem
420 1264 521 1336 exivit
555 1264 596 1335 de
633 1265 789 1353 saeculo,
832 1265 890 1355 qui
922 1265 1112 1336 nominatur
1145 1275 1292 1340 sancta

283 1397 392 1470 Sion.
434 1397 481 1469 Et
507 1404 585 1470 tuno
613 1396 759 1487 apostoli
787 1397 939 1479 undecim
956 1404 1177 1490 portaverunt
1188 1401 1291 1494 illam,

282 1532 369 1604 01001
394 1532 486 1622 prius
514 1531 589 1620 diui,
619 1537 655 1602 01
681 1536 761 1602 1000
789 1531 901 1620 angeli
935 1534 1109 1604 venientes
1137 1533 1292 1606 tulerunt

282 1666 374 1737 illam
407 1667 449 1738 de
482 1664 634 1736 manibus
666 1665 898 1754 apostolorum
933 1671 968 1737 01
1000 1671 1226 1754 portaverunt
1254 1671 1288 1740 in

281 1800 482 1890 paradisum.

280 2141 363 2210 XXI.
397 2140 500 2210 Vallis
515 2138 681 2224 iosaphat
704 2140 836 2208 00010010
853 2147 883 2207 01
900 2140 1100 2224 sopulohrum
1114 2162 1140 2209 0.
1157 2146 1288 2228 Mariae,

280 2250 427 2330 eoeleste,
458 2251 514 2317 ubl
544 2251 696 2316 Dominus
724 2248 851 2328 oravit,
882 2248 1288 2321 000100100000001001010

656 2358 761 2423 monto
788 2355 917 2422 oliveti.

321 2586 324 2591 ¹
359 2598 407 2671 Et
432 2598 511 2674 inde
539 2599 746 2671 descendens
773 2600 948 2690 opiscopus
966 2600 1178 2676 Willibaldus
1192 2611 1286 2680 venit

278 2733 323 2804 ad
349 2733 508 2806 vallem
535 2733 558 2805 J
566 2732 749 2821 osaphat.
795 2732 856 2803 llla
882 2739 951 2805 0101
972 2735 1070 2825 juxta
1096 2735 1287 2812 Jerusalem

279 2867 452 2939 civitatem
480 2867 514 2937 in
542 2866 694 2939 orientali
720 2867 832 2956 plaga.
889 2867 936 2938 Et
963 2870 995 2938 in
1035 2869 1092 2940 illa
1120 2873 1208 2945 valle
1236 2883 1288 2947 est

279 3001 459 3074 00010010
499 3005 670 3072 0000100
708 3000 887 3092 Mariae,
931 2998 967 3072 01
1002 3002 1035 3072 10
1063 3006 1208 3078 00010010
1236 3016 1289 3082 001

277 3134 548 3222 sepulchrum
576 3135 666 3225 ojus
699 3156 764 3205 nou
793 3134 835 3206 de
864 3156 916 3224 eo,
946 3136 1036 3226 quod
1064 3158 1187 3229 corpus
1214 3143 1289 3234 ejus

276 3266 322 3339 ibi
349 3268 552 3359 requiescat,
592 3268 651 3340 sed
692 3268 735 3338 ad
772 3269 969 3340 memoriam
1007 3271 1090 3362 ejus.
1153 3273 1202 3346 Et
1242 3278 1287 3350 ibi

276 3402 544 3474 oransasceudit
575 3403 608 3473 in
645 3407 825 3473 montem
854 3399 1031 3493 Olivoti,
1069 3408 1126 3494 qui
1161 3417 1213 3480 001
1240 3411 1287 3482 ibi

271 3533 368 3626 juxta
410 3535 533 3608 vallem
570 3537 604 3607 in
644 3536 800 3607 orientali
841 3536 951 3625 plaga.
1001 3537 1063 3609 llla
1097 3541 1194 3613 vallis
1237 3552 1287 3616 est

163 3685 166 3689 ·
275 3666 363 3740 inter
388 3668 576 3742 Jerusalem
604 3675 639 3742 et
666 3673 812 3739 montem
841 3665 975 3743 Oliveti.
1032 3672 1081 3743 Et
1106 3675 1141 3744 in
1168 3683 1285 3751 monte
