2782 4290
190 392 324 459 184‘

187 584 315 645 mascus
343 577 444 664 caput
468 571 595 662 Syriae,
624 570 813 643 reverenda
839 568 1045 661 metropolis.
1089 566 1128 638 In
1156 589 1198 640 ea

188 707 388 778 Damascum
416 704 599 775 construxit
625 701 795 794 Heliezer,
824 723 942 776 servus
964 700 1134 792 Abrahae,
1163 702 1198 772 in

189 861 271 930 agro
298 840 367 930 illo,
395 839 430 909 iu
459 859 524 928 quo
544 837 632 909 Kaiu
660 835 785 908 occidit
811 835 951 909 fratrem
978 857 1075 908 suurn
1096 835 1196 908 Abel.

188 974 389 1045 Damascum
415 970 580 1044 habitavit
606 969 709 1062 Esau,
745 970 801 1060 qui
829 975 864 1043 et
890 967 981 1060 Seir,
1011 974 1046 1042 et
1072 967 1199 1041 Edom:

124 1117 127 1124 '
189 1108 271 1198 seir,
300 1108 441 1198 pilosuS,
472 1105 586 1195 edom,
614 1105 738 1177 rubeus
766 1106 819 1177 vcl
845 1103 951 1176 rufus.
1008 1101 1063 1174 Ab
1090 1101 1201 1174 Edom

192 1247 266 1312 tota
305 1245 398 1313 terra
433 1239 490 1310 illa
531 1243 672 1310 vocatur
711 1237 928 1328 Idumaea,
973 1237 1016 1309 de
1059 1257 1127 1326 qua
1167 1235 1202 1307 in

191 1374 344 1446 Psalmo:
389 1373 436 1445 Ia
469 1372 675 1444 Idumaeam
713 1370 893 1444 octoadem
940 1370 1202 1444 calceamentum

192 1528 302 1579 meam
330 1513 394 1578 eto.
442 1495 513 1579 'Est
546 1512 660 1578 autem
685 1506 798 1579 Edom
832 1512 972 1596 vocata,
997 1504 1094 1577 ¹uude
1122 1525 1202 1596 pro-

191 1641 310 1732 pheta:
341 1640 427 1730 Quis
460 1645 508 1712 est
534 1641 613 1730 iste,
647 1641 708 1734 pai
735 1641 826 1714 venit
853 1640 896 1712 de
923 1638 1055 1730 Edem,
1090 1637 1203 1711 timetis

192 1774 338 1847 cestibus
373 1774 416 1846 dc
451 1772 595 1847 Basra?
649 1775 714 1848 Est
756 1747 875 1849 autem,
912 1774 1076 1866 quaedam
1123 1795 1203 1865 pars

192 1910 279 1981 illius
316 1915 430 1982 terrae
463 1908 565 1999 HuS,
599 1931 641 1982 ex
679 1931 744 2000 qua
775 1911 894 1982 beatus
928 1909 1010 1982 Joh:
1045 1929 1133 2000 quae
1168 1915 1204 1982 et
1243 1998 1245 2002 Ι

193 2041 337 2134 Sueta,
366 2065 387 2114 a
415 2065 480 2136 qua
505 2041 639 2114 Baldad
666 2041 786 2133 Suites,
817 2043 851 2113 in
880 2064 945 2134 qua
973 2048 1007 2115 et
1034 2043 1203 2132 Thema,

193 2177 388 2268 metropolis
415 2177 449 2248 iu
477 2175 648 2248 Idumaea.
707 2175 761 2248 Ex
788 2177 917 2248 Thema
943 2175 1087 2268 Ilhphaz
1116 2177 1205 2250 The-

192 2311 345 2403 manites,
375 2314 410 2385 iu
438 2333 506 2402 qua
532 2310 713 2383 Naaman
741 2312 909 2403 oppidum,
938 2333 958 2384 a
986 2334 1052 2403 quo
1071 2312 1204 2406 Saphar

191 2446 420 2520 NaamanItes
476 2445 522 2516 Hi
548 2450 619 2517 tres
646 2445 874 2518 consolatores
899 2445 976 2518 Iob.

271 2579 311 2649 Iu
339 2579 519 2653 Idumaeae
547 2578 682 2672 finibus,
712 2580 859 2653 secundo
887 2581 1041 2653 milharIo
1074 2603 1095 2653 a
1126 2581 1204 2654 Jor-

193 2711 289 2803 daue,
319 2711 477 2786 fluvius
504 2712 655 2804 Jaboc,
691 2736 773 2805 quo,
791 2715 1007 2787 transvadato
1034 2738 1055 2788 a
1080 2715 1202 2807 Jacob,

193 2869 266 2918 cum
292 2869 313 2919 a
342 2845 585 2937 Mesopotamia
611 2847 754 2940 rediret,
790 2849 935 2921 luctatus
963 2855 1015 2922 est
1040 2871 1118 2923 cum
1144 2872 1203 2922 an-

192 2981 285 3072 gelo,
325 2982 383 3072 qui
409 2981 451 3052 de
478 2980 585 3053 Jacob
619 3004 741 3055 nomeu
775 2984 807 3055 ei
840 2985 983 3057 mutavit
1017 2985 1052 3055 iu
1081 2987 1198 3058 Israel.

192 3116 232 3185 In
266 3114 426 3187 Idumaea
461 3137 573 3188 mous
606 3115 712 3207 Scir,
754 3117 816 3191 sub
860 3140 925 3209 quo
964 3119 1203 3200 Damascus.

193 3246 346 3321 Secundo
373 3248 529 3322 milliarIo
558 3271 579 3322 a
604 3251 770 3325 Damasco
798 3254 910 3344 locus,
944 3252 1074 3347 inquo
1103 3253 1202 3328 Saulo

192 3380 345 3456 Christus
373 3385 548 3476 apparuIt,
578 3385 707 3459 diceus:
736 3383 1009 3477 sacrasacra,
1038 3387 1203 3480 quidone

184 3514 431 3608 persequeris?
463 3517 498 3587 in
532 3539 597 3610 quo
626 3519 769 3592 Paulum
802 3542 870 3591 non
904 3521 1035 3594 modica
1070 3523 1202 3595 claritas

192 3648 234 3722 de
263 3650 357 3722 coelo
385 3649 614 3726 circumfulsit.
650 3651 690 3724 In
716 3653 881 3728 Damasco
908 3655 1095 3748 baptIzavit
1121 3655 1201 3730 Sau-
