2782 4290
1130 453 1199 522 Ι273

184 632 408 706 1111111111.
446 629 544 704 Ultra
562 634 750 702 torrentem
779 632 931 724 ejusdem
960 622 1201 709 111111111111111

185 771 338 840 austrum
357 770 392 839 et
412 766 579 839 orientem
596 769 648 837 est
674 787 770 838 mons
792 766 975 842 Hermon
1002 770 1198 861 modiane,
1259 789 1261 792 ⁴

185 900 230 974 ‹le
249 898 484 992 quoPsalmus
514 900 606 972 dixit.
644 900 697 974 De
714 899 886 975 Nazareth
914 907 1059 995 quatuor
1084 905 1200 978 leucas

187 1040 223 1107 et
257 1034 301 1107 de
333 1038 448 1106 monte
476 1032 589 1107 Tabor
624 1033 716 1131 (plus
750 1033 836 1132 una)
872 1041 924 1108 est
955 1037 1064 1109 alter
1089 1058 1201 1111 mons

186 1168 386 1259 Hermon,
424 1169 460 1239 in
499 1168 594 1260 eujus
635 1169 743 1240 latere
782 1169 946 1260 aquilonis
986 1175 1041 1244 est
1083 1172 1201 1245 civitas

186 1303 320 1394 Naim,
348 1301 406 1374 ubi
433 1302 608 1374 suscitavit
634 1302 796 1374 Dominus
823 1301 928 1375 filium
956 1304 1088 1378 viduae.
1131 1304 1201 1378 Iste

186 1459 284 1510 mons
312 1435 508 1509 extenditur
534 1441 656 1509 eontra
684 1437 848 1508 orientem
876 1457 995 1511 versus
1023 1439 1202 1512 11111161-

186 1571 309 1643 lilaeae
336 1571 408 1644 fere
442 1569 486 1641 ad
519 1571 666 1661 quinque
698 1571 823 1642 leucas.
879 1572 981 1644 Mons
1009 1571 1139 1646 Gelboe
1168 1579 1203 1646 et

187 1726 284 1778 mons
311 1704 465 1776 Hermon
493 1706 544 1775 ita
571 1706 689 1777 situati
718 1710 810 1796 sunt,
841 1712 880 1779 ut
907 1708 952 1778 sit
979 1707 1132 1780 Hermon
1160 1708 1201 1781 ab

188 1839 364 1930 aquilone,
409 1838 541 1912 Gelboe
578 1840 621 1910 ab
655 1845 770 1912 austro
804 1846 840 1912 et
873 1841 906 1911 in
941 1842 1052 1915 medio
1086 1863 1202 1913 eorum

186 1974 345 2064 planities
373 1973 513 2046 duarum
546 1974 717 2046 leucarum
750 1975 818 2045 lata
853 1980 888 2046 et
917 1981 1061 2065 quatuor
1088 1977 1199 2064 longa.

188 2107 226 2180 In
254 2109 319 2180 ista
345 2107 486 2198 planitie
515 2111 594 2178 ante
621 2112 774 2199 tempora
800 2128 921 2198 magna
949 2110 1038 2181 bella
1066 2114 1100 2180 et
1128 2129 1201 2179 eon·

187 2243 297 2315 flietus
330 2239 478 2314 fuerunt.
540 2241 593 2313 lbi
628 2243 716 2314 enim
750 2240 892 2315 Gedeon
926 2243 1098 2333 superavit
1131 2262 1202 2312 ma-

189 2376 341 2448 dianitas.
377 2375 426 2447 lbi
447 2374 527 2447 Saul
544 2380 721 2466 superatus
750 2381 801 2448 est
828 2387 862 2447 a'
874 2376 1074 2469 philistaeis
1104 2377 1202 2468 eujus

189 2517 293 2602 eaput
320 2509 569 2599 suspenderunt
588 2514 684 2582 extra
711 2510 841 2582 moenia
869 2510 1013 2584 civitatis
1039 2512 1200 2601 Bethsan,

189 2666 279 2735 quae
308 2647 359 2717 est
386 2643 476 2714 inter
501 2642 687 2718 Jordanem
716 2649 752 2715 et
780 2643 920 2719 Gelboe.

269 2776 425 2851 Galilaea
452 2780 647 2868 campestris
675 2778 825 2851 estsere
855 2785 890 2850 et
918 2779 1037 2870 plana,
1069 2800 1111 2850 ex
1138 2801 1205 2851 una

187 2918 286 3005 parte
314 2918 366 2986 est
388 2912 430 2984 de
458 2911 564 2984 Terra
592 2912 729 3004 Sancta,
764 2914 798 2983 in
825 2935 892 3003 qua
925 2913 988 2986 sita
1021 2920 1072 2986 est
1101 2914 1205 2986 Beth·

187 3047 299 3136 saida
333 3046 482 3120 Samaria
509 3067 591 3119 vero
618 3052 811 3147 montuosa,
845 3047 879 3118 in
914 3068 980 3140 qua
1007 3047 1200 3138 Sebaste,

188 3182 358 3275 quondam
391 3183 511 3255 nobilis
545 3182 661 3253 eivitas
701 3182 790 3272 apud
824 3202 923 3271 reges
958 3182 1079 3272 Israel,
1116 3202 1204 3251 nunc

190 3320 304 3389 autern
343 3316 494 3390 desolata
540 3321 576 3387 et
618 3320 692 3387 totu
732 3315 898 3389 derelicta
941 3321 1079 3406 praeter
1122 3316 1204 3386 duas

191 3451 366 3524 eeclesias:
394 3473 461 3524 una
488 3453 600 3525 estin
627 3451 820 3527 summitate
849 3452 984 3540 montis,
1014 3450 1070 3520 ubi
1099 3470 1203 3540 quon-

192 3583 269 3655 dam
307 3585 439 3674 regium
471 3587 535 3657 fuit
567 3587 740 3677 palatium,
779 3586 888 3656 altera
922 3590 974 3656 est
1009 3585 1043 3654 in
1075 3584 1202 3655 honore

193 3719 296 3790 sancti
314 3717 478 3791 Johannis
498 3721 685 3812 Baptistae,
715 3720 750 3790 in
771 3739 838 3808 qua
857 3719 1007 3810 sepultus
1035 3719 1097 3791 fuit
1117 3719 1205 3789 inter

996 3841 1035 3908 18
