2782 4290
281 370 344 444 den
442 364 444 369 '

283 550 457 649 distantia,
474 555 533 628 ubi
545 554 696 627 cernitur
715 554 856 627 domus
874 551 1078 625 Simeonis
1105 551 1291 645 pharisoei,

283 714 351 786 que
379 690 621 781 Magdalenae·
644 688 781 761 dimissa
808 689 888 758 sunt
915 689 1072 778 peecata.

364 824 498 898 Deinde
516 844 616 897 verso
637 826 765 912 meatu,
784 820 818 891 in
835 820 909 891 vico
927 820 1095 912 praetorii
1112 824 1164 893 est
1180 820 1295 893 domus

284 953 461 1048 Joachin,
498 978 566 1048 que
598 960 700 1028 neta
735 960 787 1050 est
814 953 934 1043 virgo
962 950 1111 1026 Meris.
1168 953 1296 1028 Ibidem

285 1097 337 1166 est
371 1089 568 1180 ecelesia,
604 1110 707 1180 quem
739 1087 868 1160 hebent
899 1088 1084 1179 sarraceni,
1119 1087 1248 1161 distans
1275 1107 1296 1159 a

284 1221 396 1320 primo
424 1228 528 1315 porte
561 1222 678 1314 templi
712 1219 901 1292 Salomonis
933 1240 999 1313 per
1030 1220 1206 1310 octoginta
1238 1233 1295 1294 se'x

283 1353 415 1450 pessus.
471 1356 558 1428 Item
586 1376 607 1428 a
635 1354 733 1427 domo
761 1351 917 1428 Joaohim
944 1359 1037 1427 recto
1060 1354 1196 1427 tremite
1228 1375 1291 1446 per

293 1484 517 1584 quadraginta
533 1489 616 1562 duos
632 1484 750 1580 passus
766 1489 913 1582 majores
934 1494 986 1560 est
1013 1462 1133 1579 porto
1158 1488 1298 1580 gregis

286 1624 355 1698 vel
382 1623 515 1695 vallis.
567 1621 608 1693 'ln
636 1621 700 1694 hoe
726 1621 869 1695 transitu
902 1625 954 1693 est
979 1623 1197 1714 probatice
1223 1622 1300 1714 pis-

254 1807 257 1811 ,
289 1758 386 1829 cine
412 1778 433 1828 a
460 1755 597 1851 dextris,
626 1775 742 1827 versus
770 1756 934 1847 templum
960 1753 1154 1828 Salomonis.

232 1853 244 1876 ⁸
368 1888 422 1963 Ab
457 1888 575 1961 eedem
607 1893 708 1980 porta
741 1909 847 1980 usque
880 1889 924 1961 ed
956 1910 1093 1963 arcum
1124 1888 1301 1965 testudinis

287 2036 362 2116 per
394 2021 556 2095 Oedron
602 2025 680 2092 sunt
720 2028 852 2094 eentum
888 2022 957 2095 lxiii
989 2043 1105 2114 passus
1142 2023 1299 2115 majores

288 2157 357 2228 Per
379 2154 514 2228 Cedron
542 2154 712 2247 quondam
735 2155 843 2247 jacuit
869 2157 983 2246 arbor,
1011 2154 1133 2246 inquo
1149 2154 1303 2229 Christus

286 2294 338 2362 est
364 2311 500 2382 passus,
531 2288 619 2381 quod
648 2290 807 2377 cognovit
834 2290 952 2379 regina
979 2291 1022 2361 de
1050 2288 1157 2381 Sabe,
1187 2292 1305 2381 regina

284 2428 360 2495 aust
381 2424 405 2512 ‘;
450 2422 546 2495 venit
579 2443 599 2493 a
633 2419 753 2495 finibus
792 2426 906 2496 terroe
944 2422 1062 2495 audire
1100 2423 1301 2514 sapientiem

284 2555 480 2628 Salomonis.
516 2554 626 2627 Math.
655 2569 723 2626 ΧΠ.
760 2554 858 2630 Unde
886 2560 921 2628 et
947 2557 982 2628 in
1009 2556 1148 2629 historia
1168 2556 1301 2648 Regno·

285 2707 362 2758 rum
394 2688 532 2777 legitur:
566 2687 620 2760 Er
645 2689 803 2779 inoresso
836 2689 958 2780 rodino
984 2686 1078 2762 Sabo
1104 2688 1302 2764 Jerusalem

285 2841 363 2892 eum
389 2821 493 2892 molto
521 2822 680 2894 comitatu
708 2827 740 2894 et
765 2821 907 2912 divitiis,
929 2822 1068 2896 comodis
1082 2823 1302 2914 perdentibus

280 2959 442 3027 -oromoto
470 2960 501 3026 et
528 2955 608 3026 ouri
634 2953 806 3044 infinitum
833 2977 956 3028 neonus
990 2961 1021 3028 et
1045 2979 1199 3048 qemmos
1219 2980 1302 3050 pre-

284 3087 392 3160 ¹diosas
424 3089 515 3159 oeoid
549 3088 597 3159 od
628 3085 852 3160 Salomonem.
910 3089 948 3160 In
976 3089 1088 3179 figura
1119 3091 1222 3184 hujus
1248 3111 1301 3164 re-

285 3218 385 3310 ginee
420 3221 577 3312 ecclesie,
614 3243 699 3314 quae
728 3224 821 3295 venIt
855 3244 897 3294 ex
929 3224 1100 3313 gentibus,
1136 3226 1296 3316 signatur.

286 3356 371 3427 Item
399 3354 516 3427 ultimo
545 3355 661 3448 (ultra)
689 3360 877 3428 torrentem
904 3379 926 3429 a
952 3356 1091 3430 sinistris
1114 3361 1163 3428 28
1180 3380 1299 3450 pessus

285 3490 319 3559 in
353 3487 440 3561 velle
475 3486 644 3579 dosaphat
676 3489 832 3562 deorsum
866 3493 914 3561 48
953 3490 1078 3580 grades
1116 3496 1172 3564 est
1203 3497 1300 3582 grate

285 3620 483 3718 ecclesio,
534 3623 569 3693 in
612 3643 678 3715 qua
723 3627 775 3695 est
820 3624 1092 3717 sepulchrum
1133 3625 1297 3715 gloriosae
