2782 4290
323 407 386 476 128

319 592 469 684 planum,
506 591 693 683 conjunctis
723 591 889 683 lapidibus
923 591 1194 680 pavimentatum
1226 595 1263 665 et
1295 591 1329 663 iu

321 725 464 799 circuitu
504 724 719 816 quadratum,
760 726 803 798 ad
843 725 935 816 quod
975 744 995 796 a
1032 725 1139 798 tn'bus
1176 725 1360 817 partibus.

319 860 432 932 multis
459 858 649 931 ascenditur
674 839 844 947 gradibus.
883 858 950 930 Est
976 859 1066 931 11111
1097 859 1188 931 idem
1208 859 1330 931 atrium

320 1016 340 1066 a
373 994 534 1085 qualitate
569 997 682 1065 terrae
715 994 798 1065 satis
831 991 1010 1065 artificiose
1046 991 1228 1064 elevatum.
1285 992 1331 1066 Et

320 1129 424 1200 habet
456 1127 498 1199 ab
531 1126 724 1198 1111111111
756 1127 887 1217 pariete
920 1147 981 1198 suo
1016 1125 1121 1198 latum
1156 1126 1332 1198 introitum

320 1282 384 1353 per
418 1261 564 1350 quinque
598 1281 695 1331 arcus
729 1265 875 1352 quatuor
907 1261 1037 1350 magnis
1075 1257 1239 1331 columnis
1270 1259 1331 1332 sibi

322 1413 501 1482 connexos,
539 1398 574 1463 et
608 1393 662 1465 hio
695 1395 807 1485 paries
841 1394 889 1466 sio
921 1399 1017 1484 patet
1049 1389 1167 1466 versus
1201 1399 1330 1485 portam

323 1548 470 1618 auream,
498 1548 561 1618 per
588 1548 686 1618 quam
705 1526 868 1599 Dominus
896 1527 1011 1617 quinto
1039 1528 1094 1599 die
1108 1533 1187 1599 ante
1204 1529 1329 1617 passio·

324 1681 401 1732 nem
434 1671 543 1753 suam,
586 1662 706 1733 sedens
740 1682 841 1752 super
875 1662 1017 1749 1111111,
1060 1661 1256 1735 solemniter
1284 1663 1332 1734 11-

323 1794 439 1867 troivit
465 1799 642 1884 susceptus
670 1815 691 1865 a
716 1795 831 1887 pueris
857 1794 1013 1868 hebraeis
1041 1814 1118 1866 oum
1134 1794 1236 1868 ramis
1262 1798 1333 1889 pal-

323 1949 469 2019 marum,
506 1927 717 2001 laudantibus
746 1933 780 1999 et
807 1928 1008 2001 dicentibus:
1055 1925 1231 2001 Horonon
1262 1929 1332 2018 filio

324 2059 444 2134 David
471 2066 536 2135 etc.
574 2060 668 2151 Quae
696 2066 798 2152 porta
811 2083 852 2135 ex
873 2062 985 2135 divina
1004 2062 1234 2153 dispositione,
1256 2064 1332 2135 licet

323 2201 444 2287 postea
471 2217 572 2287 saepe
590 2195 779 2268 Jerusalem
807 2198 848 2270 ab
876 2196 1026 2270 hostibus
1056 2203 1147 2268 esset
1176 2199 1332 2286 captaet

325 2330 515 2421 destructa,
550 2351 684 2422 semper
715 2331 878 2403 remansit
910 2332 1054 2420 integra.
1102 2328 1199 2402 Haec
1233 2332 1331 2402 etiam

324 2471 440 2556 porta,
477 2464 520 2534 ob
551 2464 775 2536 reverentiam
807 2463 908 2536 divini
942 2468 978 2536 11
1010 2463 1138 2554 mystici
1172 2464 1329 2535 introitus

326 2597 462 2668 Domini
489 2617 509 2667 a
537 2596 701 2668 Bethania
727 2617 791 2686 per
817 2602 967 2669 montem
995 2593 1118 2670 0111111
1145 2595 1333 2669 Jerusalem

326 2729 535 2801 ascendentis
566 2730 659 2802 intus
691 2731 819 2818 clausa,
848 2729 931 2802 foris
957 2730 1124 2820 lapidibus
1151 2731 1331 2822 obstructa,
1360 2803 1373 2817 ,

326 2865 361 2934 in
394 2863 486 2934 nullo
520 2868 673 2955 tempore
705 2870 800 2957 patet
827 2864 940 2957 alicui,
973 2864 1038 2936 nisi
1065 2863 1099 2936 in
1126 2864 1182 2938 die
1209 2866 1334 2958 palma·

326 3017 411 3088 rum,
441 3017 507 3088 quo
525 2999 615 3069 omni
632 3018 728 3089 anno,
758 2980 801 3071 ob
821 3000 1016 3070 memoriam
1045 2999 1095 3071 rei
1124 3007 1252 3091 gestae,
1281 3020 1332 3072 so·

326 3129 481 3203 lemniter
521 3132 671 3222 aperitur
703 3131 908 3221 processioni
947 3139 983 3207 et
1018 3134 1176 3207 universo
1209 3132 1332 3226 populo

327 3263 583 3353 peregrinorum
609 3265 682 3337 sive
716 3264 847 3337 civium.
888 3264 921 3337 Α
942 3267 1132 3356 patriarcha
1148 3265 1240 3340 iacto
1267 3286 1334 3339 ser-

325 3417 424 3471 mone
457 3400 491 3471 in
524 3399 611 3490 pede
642 3399 765 3470 montis
798 3395 923 3472 Oliveti
955 3399 999 3471 ad
1029 3398 1206 3492 populum,
1243 3400 1333 3472 finito

329 3551 368 3601 eo
396 3530 450 3603 die
479 3529 606 3621 officio,
642 3531 763 3603 iterum
796 3531 961 3603 clauditur
988 3507 1187 3621 pertulum
1215 3542 1334 3608 annum

329 3667 376 3736 ut,
389 3664 493 3755 prius,
522 3664 586 3734 nisi
613 3665 648 3734 11
676 3660 877 3737 exaltatione
905 3670 1039 3738 sanctae
1062 3669 1181 3759 111111,
1209 3667 1245 3738 in
1271 3684 1335 3760 qna
