2782 4290
287 401 352 470 1so

364 580 470 653 Facta
498 578 571 671 jam
603 575 831 672 insuperiori
862 561 964 670 purte⁴
986 574 1137 669 ejusdem
1163 574 1294 649 habita-

287 715 352 788 euli
393 733 514 802 coena,
559 713 632 784 veri
671 711 777 785 simile
812 715 864 784 est
896 690 949 782 en¹
967 696 1117 801 ejusdem
1143 706 1297 800 mysterii

288 847 435 938 ratione,
477 844 659 918 Dominum
697 848 864 940 nostrum,
911 842 946 916 in
986 841 1138 936 inferiori
1177 841 1297 919 domus

288 985 402 1075 parte,
444 976 642 1051 humilitatis
683 978 872 1069 exemplum
909 978 944 1050 in
974 977 1146 1050 lavatione
1173 975 1297 1068 pedum

288 1113 525 1207 disoipnlornm
553 1110 753 1201 ostendisse,
781 1111 852 1184 sive
878 1112 985 1186 mavis
1018 1111 1083 1184 hoo
1109 1114 1192 1183 ante
1221 1130 1298 1184 coe-

287 1269 365 1321 nam
392 1246 448 1321 vel
474 1248 552 1338 post
577 1235 705 1318 fautum
730 1244 845 1335 linisse,
873 1249 913 1317 ni
940 1244 1104 1336 quaedam
1133 1243 1294 1336 expositio

287 1380 395 1454 innuit
433 1400 534 1471 super
568 1377 659 1451 iilam
704 1379 855 1452 litteram
875 1377 1075 1467 ,Evangelii
1111 1364 1293 1451 Johannia:

288 1509 342 1585 Et
367 1510 463 1602 foetu
490 1533 593 1585 oooao
619 1511 770 1586 surrexit
797 1515 875 1603 eta,
903 1511 975 1587 sive
1003 1516 1116 1584 autem
1133 1512 1199 1584 hoo
1217 1515 1296 1586 ante

289 1645 344 1718 vel
370 1650 449 1736 post
472 1644 601 1718 fastum
627 1643 740 1738 fuerit,
768 1666 889 1737 parum
906 1644 1029 1734 refert3
1057 1644 1117 1718 sed
1143 1645 1210 1718 hoc
1241 1646 1297 1722 rel

289 1779 375 1854 scire
409 1779 526 1872 iuvat,
566 1778 656 1871 quod
696 1778 925 1854 diversitatem
962 1780 1030 1853 loci
1061 1777 1169 1852 adhuc
1196 1778 1297 1854 hodie

295 1912 477 2005 descriptio
510 1912 560 1985 rei
592 1917 710 2001 gestae
741 1914 778 1985 in
810 1912 992 1987 eeclesia
1022 1912 1174 1986 montis
1202 1895 1297 1986 Sion

289 2044 406 2119 innuit.
460 2042 548 2117 Nam
580 2043 615 2115 in
641 2044 775 2120 sinistra
807 2051 903 2138 parte
936 2045 1086 2137 ejnsdem
1120 2045 1296 2136 eudesiae,

289 2178 425 2253 inlooo
452 2177 628 2270 superiori,
659 2178 792 2272 depicta
818 2182 962 2273 apparet
990 2199 1122 2270 coena,
1151 2179 1187 2251 in
1213 2176 1298 2253 info-

192 2337 193 2342 ‘
288 2312 383 2403 riori,
413 2311 540 2385 scilieet
560 2311 596 2382 in
614 2314 741 2404 crypta,
769 2313 897 2386 lavatio
915 2309 1041 2404 pedum
1058 2310 1299 2405 diseipunorum
1383 2361 1385 2365 ι

290 2442 481 2518 ostenditur
507 2442 668 2523 exhibita,
1245 2454 1247 2458 ‘

291 2704 318 2770 8.
352 2703 462 2770 oratio
480 2701 601 2770 dhrlstl
623 2705 658 2770 ln
677 2692 890 2786 dethronana
915 2705 1037 2792 oapella
1059 2723 1127 2774 oum
1149 2722 1299 2787 daroma,

357 2806 489 2875 ooolosla
512 2807 699 2893 salvatoris,
723 2812 809 2879 loons
831 2813 1034 2897 proditionis.

369 2969 434 3042 His
479 2971 594 3064 itaque
640 2977 877 3050 consummatis
916 2974 1098 3068 mysteriis,
1142 2977 1300 3051 orationis

291 3123 390 3178 eausa
416 3126 490 3178 oum
517 3104 686 3199 discipulis
713 3109 782 3182 suis
809 3109 912 3184 rediit
934 3107 977 3182 ad
993 3111 1142 3182 montem
1160 3106 1297 3201 Oliveti,

291 3237 325 3309 in
354 3236 448 3331 eujus
473 3237 598 3311 montis
624 3234 713 3331 pede
741 3244 776 3313 et
802 3241 968 3331 aceubitu,
1005 3239 1175 3315 dimittens
1203 3241 1300 3318 disei-

231 3405 233 3408 ⁴
293 3369 392 3463 pulos
431 3390 524 3461 suos,
565 3371 658 3444 solus
698 3373 833 3447 secessit
859 3375 902 3448 ab
929 3375 995 3464 eie,
1038 3378 1200 3466 quantum
1216 3358 1300 3448 serat

286 3501 400 3592 jaotus
432 3501 570 3594 lapidis,
604 3484 733 3578 sedicet
762 3492 1053 3585 Gethsemane.
1110 3503 1231 3584 Oravit
1257 3492 1299 3580 ad

291 3626 426 3724 patrem
453 3654 559 3729 suum,
588 3635 714 3713 dicens:
768 3635 892 3729 Pater,
921 3640 954 3713 si
982 3636 1062 3730 (dead
1081 3642 1195 3732 potest
1221 3643 1296 3730 ete,
