2782 4290
290 405 356 478 152

291 587 384 661 loeus
425 583 460 654 in
502 580 686 673 profundo,
733 581 768 651 in
807 581 943 654 modum
988 590 1182 676 cryptae,
1226 607 1301 658 eum

292 737 414 808 magna
439 715 521 788 satis
548 713 738 803 serenitate,
767 714 803 784 in
830 735 897 804 quo
924 717 1043 806 regina
1068 717 1203 790 Helena
1228 740 1301 790 oru-

293 872 366 924 cem
392 847 528 922 Domini
555 847 679 918 dieitur
705 848 889 938 reperisse,
924 850 960 920 in
992 851 1090 943 cujus
1116 850 1300 927 Helenae

293 985 457 1058 honorem
491 980 616 1053 ibidem
651 981 844 1052 continetur
876 982 1015 1054 altare
1048 991 1298 1058 consecratum:

296 1138 382 1210 quoe
409 1118 529 1206 regina
554 1113 719 1206 majorem
752 1115 904 1207 ejusdem
935 1117 1019 1206 ligni
1052 1116 1140 1189 saeui
1171 1125 1302 1209 partem

275 1233 409 1325 'seeum
437 1247 558 1320 detulit
584 1244 921 1339 Constantinopolim
954 1249 1086 1339 reliqua
1112 1270 1197 1323 uero
1225 1273 1303 1344 pars

293 1381 539 1472 Hierosolymis
565 1380 684 1452 relicta
711 1379 890 1470 diligenter
917 1387 952 1454 et
970 1388 1170 1455 reverenter
1187 1405 1303 1458 serva-

294 1520 352 1588 tur
378 1514 413 1585 in
441 1512 587 1605 quodam
613 1513 696 1603 loeo,
725 1512 761 1583 in
787 1513 893 1589 altera
919 1520 1017 1609 parte
1043 1517 1227 1608 ecelesiae,
1262 1541 1304 1592 ex

296 1647 451 1742 opposito
479 1646 557 1718 loco
585 1644 771 1718 calvariae.

374 1804 539 1898 Ejusdem
579 1805 660 1895 loci,
700 1805 780 1877 lioet
823 1808 982 1898 sanguine
1017 1804 1143 1882 Christi
1180 1811 1303 1886 ibidem

295 1937 399 2012 effuso
421 1939 499 2031 jem·
520 1938 646 2010 dudum
673 1939 864 2030 consecrati,
893 1940 928 2012 in
943 1940 1116 2015 modernis
1142 1947 1302 2039 tempori-

295 2071 372 2172 bus,
406 2072 487 2143 lioet
527 2092 569 2144 ex
605 2071 908 2165 superabundanti,
950 2073 1042 2147 faeta
1078 2081 1129 2149 est
1166 2097 1188 2149 a
1226 2079 1304 2153 ubis

239 2252 241 2255 ψ
295 2205 540 2278 venerabilibus
575 2204 783 2277 consecratio
819 2205 936 2295 quinto
972 2208 1103 2281 decimo
1132 2211 1189 2282 die
1210 2211 1300 2303 julii.

292 2334 391 2409 Unde
425 2342 463 2411 et
496 2338 582 2411 tales
613 2356 731 2410 versus
757 2337 820 2409 sub
855 2341 998 2431 quodam
1030 2342 1066 2413 in
1092 2343 1218 2417 litteris
1245 2345 1304 2418 de·

293 2475 413 2542 aurato
455 2491 557 2565 opere
603 2469 783 2565 propositis
823 2471 932 2546 adhue
971 2479 1138 2548 testantur
1177 2477 1302 2552 ibidem

295 2602 486 2696 conscripti:

345 2758 424 2833 Est
456 2761 577 2835 loeus
610 2763 698 2836 iste
725 2783 850 2836 sacer
875 2771 1070 2841 sacratus
1097 2770 1304 2859 sanguine

400 2891 603 2999 Christi.¹
640 2973 645 2982 ,

344 3053 424 3126 Per
457 3057 651 3127 nostrum
684 3073 857 3128 sacrare
884 3078 1004 3131 sacro
1038 3059 1096 3131 nil
1129 3049 1306 3134 additur

398 3187 483 3262 isti.

346 3347 424 3420 Sed
454 3347 598 3419 domus
624 3345 724 3420 huie
751 3369 870 3422 sacro
890 3349 1304 3446 circumsuperaedi·

399 3477 533 3553 ficata

348 3645 411 3713 eat
437 3639 583 3730 quinta
609 3637 771 3711 decima
797 3640 989 3733 quintilis
1010 3643 1103 3718 lnce
1124 3652 1301 3721 saerata.
