2782 4290
1134 367 1201 436 265

185 547 335 638 inrigant
336 567 386 618 ur
442 546 521 620 Dist
505 549 581 620 tant
607 546 695 621 enim
721 547 757 620 hi
783 547 895 622 fontes
922 551 1059 643 amari,
1099 571 1203 644 qnan-

185 688 260 758 tum
293 702 394 754 arcus
427 681 584 772 sagittam
623 682 772 775 projicit
840 683 901 756 Ab
929 684 982 757 his
1023 684 1068 756 ad
1101 706 1203 757 unam

184 817 320 890 leucam
347 820 401 888 est
427 814 626 888 civitast
630 817 811 908 prensis,
848 818 891 890 ab
918 817 1041 891 Ankon
1077 823 1158 891 cont
1158 839 1198 892 ra

189 951 383 1044 aquilonem
408 949 489 1021 sita:
517 947 560 1020 de
589 950 663 1042 ejus
688 949 869 1041 praeconio
897 950 1033 1042 quidam
1058 951 1205 1044 prophe·

186 1091 302 1160 tarum
339 1080 556 1174 scripserunt.
626 1083 703 1177 ipsa
741 1084 830 1156 euim
868 1105 991 1174 magno
1031 1105 1204 1157 murorum

188 1218 322 1294 ambitu
354 1217 556 1307 assurgite
591 1217 709 1290 littore
736 1218 854 1308 maris,
890 1220 976 1290 mari
1004 1218 1206 1291 circumdata

189 1353 352 1444 undique,
380 1351 445 1424 nisi
470 1350 505 1422 in
532 1354 630 1441 parte
658 1352 823 1443 orientali,
851 1352 909 1424 ubi
930 1372 1004 1423 eam
1026 1351 1207 1426 Nabucho-

190 1488 338 1562 donosor
372 1488 409 1559 et
440 1489 560 1575 postea
591 1484 787 1560 Alexander
821 1485 976 1560 fecerunt
1016 1488 1208 1578 contiguam

191 1626 308 1695 terrae
336 1618 410 1692 fere
446 1618 489 1691 ad
519 1620 649 1712 Jaatum
683 1619 818 1710 lapidis.
873 1619 993 1712 Ibique
1021 1619 1131 1695 cineta
1158 1625 1210 1694 est

191 1774 289 1828 muro
316 1752 441 1844 triplici
474 1758 510 1825 et
543 1753 615 1825 alto
649 1774 725 1826 enm
752 1754 904 1828 tmribus
929 1755 1043 1827 firmis.
1097 1753 1137 1826 In
1165 1775 1207 1826 ea

187 1886 355 1986 >Origines
380 1887 566 1961 tumulatus
592 1886 668 1960 fuit.
724 1887 860 1961 Multae
882 1888 1045 1980 reliquiae
1071 1890 1208 1961 sanctu-

192 2045 283 2112 rum,
311 2023 429 2115 quiin
457 2044 498 2096 ea
523 2044 585 2115 pro
609 2020 735 2095 Cluisti
760 2021 894 2095 nomine
921 2022 1093 2095 interemti
1119 2026 1207 2112 sunt,

193 2160 466 2308 permanserunt.
527 2155 621 2229 Ante
662 2159 796 2248 portam
826 2176 945 2229 versus
977 2159 1129 2228 austrum
1164 2154 1209 2226 ad

208 2296 327 2366 amum
346 2291 488 2364 duarum
507 2291 598 2379 sagit
599 2294 712 2362 tarum
738 2289 888 2379 signatus
915 2292 969 2362 est
990 2289 1085 2363 locus
1110 2309 1209 2380 prae-

194 2424 514 2500 dicatiunisOhristi
536 2423 775 2516 perlepidam,
804 2425 839 2495 in
866 2443 932 2514 quo
960 2425 1077 2496 stetit:
1108 2444 1211 2515 super

197 2581 300 2653 quem
333 2557 474 2632 fundata
508 2562 583 2630 erat
611 2558 798 2630 ecclesia
788 2579 822 2629 m
856 2556 984 2631 honore
1017 2558 1206 2632 salvatoris.

195 2694 307 2768 Este
309 2693 394 2765 tiam
420 2693 467 2765 rlui
492 2693 604 2782 laeua,
643 2691 700 2764 ubi
730 2692 869 2784 mulier,
904 2690 1000 2764 finita
1032 2693 1209 2784 praedica·

189 2828 309 2921 aione,
343 2825 431 2899 dixit
464 2824 509 2897 ad
541 2824 676 2899 Jesum:
710 2823 845 2900 Beatus
871 2831 989 2899 venter
1020 2831 1084 2900 ete.
1144 2826 1211 2900 Hie
1345 2885 1347 2888 ι

196 2962 292 3034 locus
318 2979 387 3031 nun
416 2959 569 3049 operitur
596 2981 714 3050 arena,
752 2980 838 3051 quae
872 2960 952 3035 licet
985 2960 1141 3035 sitieris
1174 2965 1210 3035 et

196 3093 359 3190 rolafflis,
402 3094 492 3167 sieut
524 3095 584 3167 nix
614 3095 651 3167 in
682 3095 813 3168 intenso
846 3093 975 3184 frigore
1013 3094 1105 3185 apud
1137 3116 1208 3186 nos,

198 3249 285 3322 quae
308 3249 330 3300 a
348 3232 451 3302 vento
477 3228 612 3320 rapitur
638 3233 674 3302 et
695 3229 874 3324 spargitur,
902 3228 966 3300 iste
985 3233 1098 3301 tamen
1116 3228 1211 3302 locus

197 3366 233 3437 in
258 3362 389 3452 medio,
403 3357 583 3435 arenarum
609 3382 743 3454 semper
775 3366 828 3435 est
856 3362 982 3435 viridis.
1039 3361 1093 3432 De
1119 3361 1210 3452 Tyro

199 3497 244 3570 ad
274 3497 571 3590 quatuor-leucas
599 3501 652 3570 est
682 3495 863 3587 Sarepta
894 3496 1094 3586 sidonae,
1129 3496 1210 3567 ante
1327 3547 1329 3550 ψ

202 3632 295 3726 eujus
320 3632 455 3725 portam
482 3629 672 3705 ostenditm
696 3631 801 3724 locus,
830 3648 898 3724 quo
920 3629 1017 3703 Elias
1043 3626 1139 3701 venit
1165 3625 1209 3702 ad
