2782 4290
1020 388 1084 458 139

71 574 236 649 reduetus
268 572 312 645 ad
350 577 497 646 montem
524 571 619 663 Sion,
661 573 719 644 ubi
757 578 837 645 tune
868 578 942 647 erat
968 593 1085 664 prae·
1205 655 1212 668 ι

71 709 229 781 tortum
261 705 405 797 Pilati,
443 712 674 801 nuncupatum
701 707 996 798 lithostrotos
1024 708 1086 782 he·

70 841 188 914 braine
220 844 335 913 autem
369 839 536 913 Gabatha.
593 840 687 912 Tunc
723 840 811 913 enim
837 843 999 933 temporis
1026 864 1085 934 op·

71 975 158 1045 tima
185 995 265 1066 pars
292 976 327 1046 et
353 972 516 1047 fortitudo
543 975 646 1047 totius
673 975 818 1047 civitatis
846 982 922 1048 erat
948 978 983 1048 in
1010 977 1086 1048 alti-

71 1108 190 1182 tudine
217 1106 370 1201 ejusdem
386 1107 517 1199 montis,
546 1108 632 1180 sicut
647 1109 748 1180 etiam
775 1111 910 1182 turris
935 1109 1083 1199 David,

72 1263 159 1335 quae
194 1244 269 1314 erat
301 1241 438 1332 sperula
474 1246 512 1314 et
545 1246 697 1314 tutamen
738 1242 888 1335 reliquae
928 1242 1083 1333 civitatis,
1211 1348 1214 1353 ⁴

72 1381 150 1448 erat
176 1377 210 1447 in
240 1395 280 1446 eo
309 1375 451 1464 elevata,
481 1379 518 1446 et
542 1376 673 1447 ratione
696 1381 870 1449 maternae
893 1376 1086 1467 generatio-

71 1510 125 1582 nis
152 1513 189 1581 et
214 1507 460 1599 procurationis
486 1507 628 1581 inferior
653 1531 731 1601 pars
759 1509 909 1601 ejusdem
935 1510 1084 1583 civitatis

71 1643 203 1716 dicitur
228 1642 307 1731 fitia,
327 1640 443 1712 unde:
478 1641 602 1733 Dicite,
629 1641 725 1730 tiliae
746 1641 831 1715 soa
858 1649 926 1717 etc.
960 1643 1086 1717 Postea

70 1796 166 1867 vero,
188 1775 366 1848 destructa
392 1776 517 1848 ibidem
545 1776 682 1850 civitate
710 1782 746 1850 et
772 1778 807 1848 in
835 1778 937 1849 alium
964 1778 1083 1867 locum,

71 1911 130 1983 ubi
164 1931 253 1982 nunc
287 1915 411 2000 exstat,
453 1911 619 1983 translata
652 1911 713 1983 sub
742 1910 841 1983 Aelio
868 1912 1083 2003 imperatore,

70 2065 170 2116 mons
208 2063 341 2133 quoque
380 2043 470 2115 idem
512 2065 533 2115 a
566 2065 627 2116 sua
666 2044 864 2116 celsitudine
901 2045 1000 2117 valde
1034 2050 1086 2117 est

69 2177 265 2250 humiliatus
292 2181 327 2250 et
354 2176 572 2271 adaequatus,
601 2182 695 2248 turre
723 2178 827 2249 etiam
847 2177 979 2250 sublata
1006 2178 1084 2250 inde

72 2331 151 2384 oum
177 2311 253 2384 aliis
279 2309 447 2383 aedificiis.
490 2301 693 2384 Ostenditur
719 2317 832 2384 autem
859 2311 960 2382 hodie
993 2313 1085 2382 loeus

69 2446 140 2536 ille,
169 2445 227 2516 ubi
253 2445 461 2536 praetorium
489 2451 523 2517 et
551 2446 655 2518 turris
681 2445 793 2518 David
826 2445 947 2517 fuerat.
993 2443 1086 2515 Tunc

74 2578 241 2669 temporis
271 2579 373 2671 juxta
408 2579 512 2652 idem·
532 2581 739 2671 praetorium
768 2600 884 2652 versus
911 2577 1086 2651 meridiem

70 2717 148 2785 erat
174 2711 257 2783 illud
284 2712 413 2801 grande
440 2711 641 2804 aedificium,
670 2713 739 2785 ubi
766 2713 967 2784 Dominus
996 2731 1087 2783 ooe-

70 2845 193 2917 navit
219 2863 294 2916 eum
321 2844 488 2936 discipulis
516 2846 594 2925 suis.
632 2844 736 2919 Juxta
762 2847 851 2918 idem
878 2844 1086 2938 praetorium

71 2999 192 3051 versus
219 2978 382 3051 orientem
409 2985 484 3052 erat
512 2980 648 3070 atrium,
679 2981 714 3052 in
732 2980 822 3072 quod
842 2981 971 3054 vinctus
985 2977 1085 3051 duce·

68 3112 171 3186 batur
205 3116 242 3184 et
274 3116 346 3184 tota
377 3117 476 3186 noete
509 3113 569 3185 illa
601 3114 811 3186 retinebatur
845 3136 867 3186 a
894 3113 1084 3187 custodibus

69 3249 107 3318 et
151 3265 174 3316 a
213 3244 416 3336 judaeorum
461 3246 666 3338 principibus
712 3247 966 3320 observantibus
1007 3266 1083 3317 eum

24 3421 28 3431 ·
69 3398 178 3469 usque
206 3376 250 3450 ad
277 3377 394 3449 horam
420 3379 559 3451 sistendi
583 3379 713 3471 judicio
741 3380 776 3451 in
803 3379 957 3471 sequenti
972 3397 1080 3450 mane.

70 3511 107 3583 In
144 3510 266 3583 eodem
299 3512 473 3601 praetorio
500 3512 625 3584 Petrus
652 3517 706 3584 ter
737 3512 877 3602 negavit
903 3512 1083 3583 Dominum

70 3650 149 3719 ante
183 3643 267 3743 galli
305 3650 457 3736 emtum,
485 3647 542 3720 ubi
568 3647 679 3745 etiam,
707 3646 826 3721 audito
859 3645 940 3748 galli
971 3651 1081 3748 cantu,
