2782 4290
217 415 280 479 132

214 595 336 668 tiosum
365 592 481 667 effudit
510 614 610 666 causa
644 592 830 666 devotionis
863 612 964 685 supra
989 597 1091 687 caput
1117 595 1225 668 salva-

213 729 295 802 toris
322 729 356 799 in
384 728 537 800 convivio
565 727 795 817 recumbentis,
826 726 923 820 cujus
939 727 1106 816 unguenti
1123 728 1225 803 odore

213 867 287 934 tota
328 862 444 934 domus
482 861 617 952 repleta
649 860 723 934 luit.
792 860 930 933 Dicitur
955 860 1073 970 etiam
1108 863 1225 936 eadem

211 996 325 1069 Maria
338 994 542 1085 Magdalena
568 996 602 1067 in
631 994 750 1068 eodem
777 993 854 1067 loco
883 996 938 1067 vel
966 994 1080 1088 potius
1098 997 1133 1069 in
1147 996 1222 1088 alio,

211 1130 339 1203 scilicet
366 1129 400 1200 in
427 1129 528 1202 domo
557 1127 698 1201 Simonis
725 1129 859 1221 leprosi,
884 1129 956 1220 jam
983 1128 1123 1221 dudum,
1152 1151 1224 1205 cum

212 1264 321 1336 adhuc
348 1267 437 1335 esset
464 1264 647 1355 peccatrix,
677 1263 781 1334 ductu
808 1262 1041 1354 poenitentiae
1056 1264 1101 1337 ad
1121 1265 1224 1358 pedes

211 1395 348 1468 Domini
383 1395 538 1470 similiter
571 1398 606 1468 in
640 1397 796 1469 convivio
824 1396 1049 1471 recumbentis
1081 1400 1221 1492 vennae,

213 1534 248 1600 ct
275 1530 344 1602 suis
370 1529 515 1602 lacrimis
542 1529 646 1622 pedes
660 1529 743 1604 Jesu
762 1531 889 1620 rigasse
917 1520 1131 1626 crinibusque
1158 1535 1223 1608 suis

216 1663 410 1753 extersisse,
441 1665 569 1738 etalio
599 1665 761 1758 quodam,
795 1665 920 1739 scilicet
948 1634 1220 1760 compunctionis,

211 1803 383 1887 unguento
410 1799 541 1873 unxisse
569 1804 605 1873 et
632 1798 680 1872 sic
708 1804 925 1888 peccatorum
938 1820 1077 1873 suorum
1094 1804 1221 1877 veniam

211 1933 301 2024 apud
325 1932 508 2004 Dominum
533 1934 768 2024 promeruisse.
824 1932 933 2026 Unde,
964 1955 1041 2007 cum
1068 1937 1221 2010 sacrain

210 2068 377 2159 scriptura
404 2067 529 2138 alicubi
557 2066 756 2158 reperiatur,
787 2067 887 2138 aliam
900 2067 1047 2142 Mariam
1062 2068 1107 2142 ad
1118 2070 1220 2164 pedes

207 2201 296 2273 illius
323 2202 513 2291 accessisse,
543 2200 642 2273 aliam
670 2205 773 2293 capnt
788 2201 925 2276 Domini
943 2203 1124 2294 inunxisse,
1143 2203 1219 2278 doc.-

207 2341 299 2408 tores
340 2337 449 2409 nostri
486 2340 659 2427 exponunt
695 2336 812 2426 aliam,
850 2336 886 2408 id
920 2342 986 2428 est,
1024 2338 1216 2430 alteratam,

208 2471 286 2560 quia
313 2469 359 2541 ibi
386 2471 571 2571 peccatrix,
598 2470 633 2542 in
656 2459 878 2542 amaritudine
904 2472 1138 2562 poenitentiae
1165 2472 1216 2544 hic

170 2679 172 2683 ,
203 2601 276 2692 jam
298 2602 496 2694 justificata,
520 2624 595 2674 cum
617 2603 807 2706 devotionis
836 2605 1040 2678 exultatione
1065 2607 1215 2681 accessit.

206 2732 272 2805 Est
299 2739 411 2807 tamen
440 2736 604 2827 quaedam
632 2737 818 2811 ecclesia
845 2739 936 2811 intra
945 2760 1063 2814 muros
1077 2745 1216 2814 sanctae

205 2865 360 2960 civitatis,
385 2869 485 2963 juxta
499 2878 648 2945 sanctam
658 2871 791 2944 Annam
809 2887 926 2946 versus
940 2876 1215 2965 septentrionem,

203 3020 309 3091 prope
343 3007 592 3096 murosurbis,
628 3007 661 3078 in
695 3007 823 3079 honore
859 3008 1020 3083 Mariae
1048 3009 1215 3101 Magda-

202 3134 323 3210 lenae
353 3145 565 3232 consecrata,
600 3141 633 3211 in
669 3161 735 3231 quo
763 3141 840 3213 loco
878 3141 1035 3216 habitant
1061 3143 1215 3218 monachi

197 3245 386 3364 jacobitae,
417 3275 475 3365 qui
508 3280 660 3347 asserunt
691 3274 738 3349 ibi
772 3274 909 3348 domum
942 3275 1046 3352 fuisse
1073 3276 1214 3352 Simonis

198 3403 339 3497 leprosi,
375 3409 433 3499 qui
466 3409 622 3481 invitavit
655 3408 837 3481 Dominum
871 3415 1025 3484 nostrum
1060 3415 1104 3487 ad
1138 3436 1213 3488 con·

197 3525 334 3631 rivium,
363 3541 398 3613 in
426 3562 492 3634 quo
520 3543 719 3632 supervenit
737 3540 849 3619 Maria
867 3543 1083 3642 Magdalena,
1104 3547 1212 3644 proci·

199 3671 280 3745 dens
307 3674 352 3746 ad
376 3674 480 3766 pedes
507 3674 600 3767 Jesu,
631 3698 713 3767 quos
740 3677 886 3751 lacrimis
913 3679 1040 3769 rigavit
1056 3688 1092 3758 et
1119 3704 1212 3758 oscu-
