2782 4290
344 849 368 914 l.
393 846 548 921 Quomodo
571 848 673 914 vitam
697 847 837 915 scribare
861 848 1048 915 decernitur.

208 1034 211 1040 ⁵
272 1051 423 1121 Primum
449 1048 553 1135 igitur
573 1015 772 1118 venerabilis
799 1049 985 1138 summique
1003 1050 1068 1122 Dei
1087 1072 1199 1123 sacer-

193 1185 282 1256 dotis
321 1186 423 1272 atque
462 1177 630 1269 pontificis
666 1180 886 1269 primordium
919 1182 1073 1273 vitaeque
1111 1184 1199 1256 illius

191 1314 374 1387 venerandi
403 1313 465 1386 viri
484 1311 668 1385 Willibaldi
696 1313 941 1404 sublimitatem,
971 1316 1026 1405 qui
1044 1317 1200 1389 sollerter

190 1450 251 1522 sub
279 1468 393 1519 sacrae
420 1446 504 1535 legis
530 1444 760 1518 moderamine
775 1447 862 1518 alma
879 1448 1031 1538 priorum
1050 1451 1200 1540 exempla

192 1585 381 1654 sanctorum
407 1578 589 1667 militando,
618 1580 806 1669 serviendo,
835 1586 946 1652 monte
980 1587 1014 1652 et
1049 1584 1200 1655 moribus

191 1712 352 1785 sectando
381 1712 593 1801 inhaerebat,
637 1712 736 1804 hujus
769 1713 881 1803 itaque
910 1715 999 1785 vitae
1029 1715 1200 1786 exordium

193 1850 228 1917 et
260 1846 376 1918 inante
406 1845 595 1938 juventutis
634 1845 852 1918 medietatem
889 1846 933 1917 ad
967 1847 1054 1919 illius
1095 1871 1198 1939 usque

192 1984 404 2052 senectutem
416 1999 608 2071 processum
637 1987 672 2052 et
698 1980 977 2071 hactenususque
992 1980 1198 2072 decrepitam

192 2115 342 2186 aetatem
368 2114 561 2204 intimando,
590 2085 749 2202 gracilem
778 2114 927 2206 opuscudi
942 2113 1042 2206 hujus
1069 2114 1200 2207 conjec-

190 2251 300 2320 turam
328 2248 546 2340 glomerando
562 2248 667 2319 ordiri
695 2248 914 2320 decreveram
943 2247 1199 2337 ordinandoque

188 2385 313 2454 texere.

371 2617 410 2684 11.
446 2615 558 2683 Infans
581 2613 679 2700 gravi
701 2613 809 2683 morbo
833 2599 1016 2700 corripitur.

271 2811 354 2886 Cum
370 2815 437 2906 ille,
465 2816 499 2886 in
526 2817 713 2905 prooemio,
742 2837 823 2888 suae
838 2815 1001 2890 infantiae
1014 2819 1198 2908 cunabulis

190 2948 341 3020 amabilis
369 2954 471 3039 atque
506 2949 716 3021 delectabilis
748 2949 946 3039 blandisque
980 2952 1199 3023 nutrientium

189 3078 445 3173 adulationibus,
473 3083 738 3174 praesertimque
765 3087 956 3174 parentum,
987 3085 1076 3156 circa
1102 3085 1196 3155 illum

189 3232 312 3301 magno
354 3216 541 3291 devotionis
579 3215 704 3288 affectu
748 3217 932 3306 diurnaque
971 3217 1199 3289 sollicitudinis

186 3347 402 3435 providentia
430 3372 544 3424 curam
572 3348 760 3439 gerentium
800 3348 954 3422 confotus
987 3355 1088 3441 atque
1117 3373 1197 3423 enu-

188 3479 296 3573 tritus,
315 3483 358 3556 ad
372 3486 554 3559 triennium
568 3505 674 3574 usque
692 3484 857 3576 pervenit,
887 3484 1065 3556 transactis
1080 3484 1196 3574 itaque

187 3615 266 3689 tunc
294 3617 401 3694 tribus
429 3638 591 3691 annorum
618 3618 800 3707 curriculis,
830 3637 973 3706 cumque
991 3638 1114 3709 parvus
1142 3618 1198 3689 ille
