2776 4282
1001 468 1066 533 307
1210 510 1219 527 ,

145 643 176 707 6.
201 637 427 706 Ialckenstein.
464 640 700 725 Hodoeporicon
722 639 983 723 Willibaldinum,
1009 661 1068 727 qno

52 755 116 822 iter
142 775 178 822 ex
198 755 323 841 Anglia,
348 776 402 839 per
421 755 569 838 Galliam,
593 759 727 836 Italiam,
752 755 902 842 Neapolis
927 755 1067 824 Siciliae-

52 890 114 956 que
138 890 243 956 regna,
269 872 363 957 (typri
387 873 532 953 insulam,
558 872 691 959 Syriam,
715 873 935 952 Palaestinam,
954 873 1067 939 Hiero·

54 987 210 1074 solymam
231 1006 345 1071 usqne3
369 988 440 1055 inde
464 989 717 1074 retrogradientis
740 1008 795 1071 per
818 987 1065 1071 Hellespontum,

22 1165 25 1168 a
54 1102 372 1187 Constantinopolim,
407 1103 564 1185 Siciliam,
595 1105 721 1171 Italiam
750 1106 781 1170 in
811 1104 1065 1171 montecassino

55 1238 207 1296 secessum
232 1237 268 1285 ao
283 1220 415 1302 denique
433 1220 572 1304 ejusdem
592 1240 647 1305 per
658 1221 835 1305 Boj0ariam
853 1221 887 1286 in
901 1220 1068 1288 Germania

53 1335 217 1413 aduentus,
240 1335 395 1418 simulque
418 1336 613 1420 episcopatus
631 1337 861 1403 eichstettensis
884 1336 985 1420 prima
1004 1339 1068 1404 tra·

55 1450 173 1516 duntur
200 1449 300 1517 initia.
336 1452 396 1517 Me.
429 1452 526 1519 seculi
557 1452 644 1519 VIII.
680 1432 825 1518 canoniae
855 1453 1068 1520 rebdorffiensi

56 1565 233 1650 proprium
258 1568 289 1633 et
304 1566 343 1633 ab
363 1568 404 1633 H.
426 1567 549 1634 Oanisio
573 1569 674 1651 prima
696 1569 762 1634 vioe
786 1568 869 1652 typis
892 1568 1081 1654 uulgatum,

55 1681 148 1748 Nunc
163 1700 235 1748 vero
250 1682 436 1750 lectionibus
453 1685 645 1751 variantibus
670 1684 859 1751 enucleatius
884 1685 1067 1766 exhibitum,

57 1797 90 1862 et
119 1798 368 1866 annotationibus
398 1801 586 1884 quibusdam
615 1800 819 1866 illustratum.
868 1800 925 1867 Cui
949 1819 1068 1884 quoque

27 1966 29 1970 Α
55 1913 177 1979 accedit
194 1914 285 1980 Vitae
305 1914 541 1983 Willibaldinae
565 1916 696 2000 scriptor
718 1933 898 2000 anonymus,
922 1915 1069 1981 similiter

56 2029 90 2094 in
113 2029 190 2095 locis
214 2030 398 2114 quibusdam
420 2032 577 2099 mendosis
607 2031 639 2096 et
661 2031 798 2096 obscuris
822 2030 1013 2096 emendatior
1037 2032 1068 2096 et

53 2143 168 2210 clarior
196 2145 336 2213 redditus
364 2148 525 2215 alsense
548 2146 682 2212 Henrico
707 2146 745 2212 de
773 2145 1006 2224 Ialclrenstein,
1037 2146 1069 2210 in

51 2260 176 2327 seinem
200 2260 301 2328 (lodex
325 2261 543 2344 diplomaticus
570 2262 748 2346 antiquitat.
773 2261 1067 2344 Nordgaviensium.

54 2377 200 2443 Francos.
224 2378 256 2443 et
279 2378 363 2462 Lips.
392 2379 487 2444 1733.
512 2377 580 2443 Fol.
604 2378 714 2444 Nonne
739 2378 929 2454 447-461,
960 2375 1073 2442 darauf

54 2492 111 2558 der
134 2493 324 2577 Anonymus.
370 2495 434 2559 Der
463 2494 600 2560 abdmck
629 2496 671 2560 ist
703 2494 790 2559 nieht
818 2491 940 2559 iiberall
968 2510 1069 2576 genau

53 2609 120 2676 und
152 2609 261 2677 darum
289 2608 367 2675 auch
390 2609 489 2685 ,nieht
517 2630 553 2674 au
583 2611 794 2695 gebrauehen,
831 2627 918 2674 uenn
951 2626 984 2675 es
1016 2607 1073 2674 auf

56 2731 199 2810 grossera
224 2725 426 2811 gonauigkeit
448 2725 632 2792 ankommen
656 2724 726 2792 soll.
759 2726 791 2791 Z.
812 2725 842 2790 b.
863 2744 888 2790 c.
906 2727 925 2789 8
947 2725 1069 2790 werden

55 2859 113 2905 ver
143 2840 376 2926 transfiguratio
415 2841 465 2906 die
497 2843 593 2909 uerte
622 2842 653 2907 in
688 2843 803 2907 honore
840 2841 1069 2924 weggelassem

56 2974 83 3021 c.
109 2961 128 3021 9
152 2957 237 3024 steht
260 2959 363 3023 statua.
386 2957 437 3022 fuir
459 2957 570 3041 figura,
594 2977 620 3023 o.
641 2960 681 3023 10
705 2956 851 3022 Iordanis
875 2957 997 3022 fluenda
1020 2956 1070 3021 fuir

57 3072 88 3138 J.
112 3071 239 3153 fluenta,
263 3093 288 3138 o.
309 3075 347 3139 11
373 3073 530 3156 supposita
553 3072 604 3138 fdr
627 3072 832 3155 transposita;
857 3091 882 3138 e.
900 3075 939 3139 14
964 3072 1069 3139 fehlen

53 3187 108 3255 die
137 3190 232 3255 worte
258 3190 394 3275 navigio,
418 3209 473 3272 per
496 3192 594 3257 totam
623 3189 804 3273 navigantes
834 3188 974 3264 hiemen,
1009 3187 1069 3265 vir,

57 3302 113 3368 der
137 3302 335 3371 mnckfehler
358 3326 395 3372 zu
420 3306 647 3391 gesohwoigen.

148 3420 177 3484 7.
211 3419 293 3487 Sutt.
338 3421 572 3504 Hodoeporicon
604 3420 637 3488 S.
668 3420 864 3498 Willibaldi,
901 3417 975 3483 oder
1009 3402 1068 3482 Die

56 3533 252 3620 Pilgerfahrt
275 3537 328 3603 des
352 3536 383 3603 h.
398 3537 565 3603 Willibald
587 3536 667 3603 nach
690 3536 773 3603 Rom
795 3534 858 3600 und
883 3531 1069 3600 Jerusalem.

56 3649 144 3717 Neue
168 3650 326 3738 Ausgabe.
369 3654 430 3719 Mit
453 3654 532 3719 Text
554 3653 619 3718 und
642 3651 843 3718 Commentar
875 3647 960 3733 (vom
984 3646 1072 3712 dem-

56 3765 214 3849 lrapitular
242 3767 306 3833 und
336 3769 480 3851 spateren
511 3767 727 3852 generalrikar
756 3765 883 3832 Suttner
914 3763 946 3828 in
979 3760 1072 3830 nich-

859 3869 928 3935 20*
