2782 4290
1102 452 1105 461 ,
1133 376 1195 444 ror

184 561 230 634 de
258 558 349 632 Saba
375 565 439 633 etc.
495 561 792 651 Evangelium:
820 556 905 632 Cum
932 559 1076 632 intraret
1096 557 1196 632 Jesus

184 695 470 785 Hierosolymam.
550 694 664 767 Credo
711 695 745 767 in
793 716 905 766 unum.
980 692 1195 766 Offertor:

185 831 322 902 Dextra
366 829 511 900 Domini.
584 828 778 904 Secreta:
822 830 937 920 Hanc,
984 849 1194 918 quaesumus,

185 963 349 1054 Domine,
392 963 551 1053 hostiam,
591 985 690 1054 quam
718 965 782 1035 tibi
816 965 985 1056 supplices
1019 961 1197 1054 offerimus,

187 1098 372 1187 dignanter
409 1098 542 1187 suscipe
589 1103 624 1170 et
662 1098 737 1189 ejus
778 1098 937 1190 mysterio
979 1117 1041 1168 nos
1082 1095 1200 1185 dignos

188 1230 307 1323 elfice,
348 1236 400 1320 ut,
448 1232 504 1321 qui
540 1231 582 1303 de
609 1230 799 1305 Jerusalem
827 1233 981 1321 civitate,
1023 1230 1066 1304 de
1099 1251 1200 1300 manu

188 1385 399 1455 paganorum
433 1368 545 1454 eruta,
581 1365 667 1438 hune
702 1366 790 1438 diem
823 1368 954 1457 agimus
987 1363 1199 1454 celebrando,

190 1499 350 1573 coelestis
380 1496 569 1571 Jerusalem
604 1502 758 1573 concives
792 1500 866 1571 fieri
901 1500 1038 1571 tandem
1071 1519 1202 1571 merea·

188 1655 275 1705 mur.
337 1633 406 1703 Per
446 1632 628 1704 Dominum
670 1637 737 1706 etc.
803 1632 1057 1708 Communia:
1101 1633 1204 1706 Jeru-

189 1767 315 1858 salem,
346 1787 447 1855 surge
475 1770 540 1839 etc.
598 1767 695 1858 Quod
726 1765 917 1858 sumsimuS,⁴
952 1768 1114 1859 Domine,
1149 1788 1203 1838 sa-

190 1899 372 1992 crIfieIum,
416 1901 459 1972 ad
493 1902 646 1991 corporis
686 1908 721 1973 et
753 1903 883 1975 animae
918 1903 1012 1974 nobis
1051 1899 1203 1994 proficiat

188 2036 346 2126 salutem,
376 2041 422 2127 ut,
454 2036 511 2126 qui
539 2036 582 2108 de
610 2037 755 2108 civitatis
782 2042 863 2109 tuae
889 2036 1077 2109 Jerusalem
1105 2036 1206 2107 liber-

193 2175 271 2243 tato
305 2169 525 2259 gaudeamus,
561 2169 596 2243 in
624 2171 761 2242 coelesti
788 2171 977 2242 Jerusalem
1004 2169 1207 2241 haereditari

192 2325 396 2379 mereamur.
452 2303 521 2377 Per
546 2304 739 2386 Dominum.

249 2439 311 2508 De
345 2438 730 2528 transfiguratione
764 2438 938 2510 Domini.
999 2437 1111 2530 Deus,
1151 2437 1209 2527 qui

194 2579 231 2644 te
258 2572 293 2642 in
322 2576 436 2644 monte
463 2573 647 2646 secundum
674 2579 822 2646 nostram
849 2575 1072 2647 substantiam
1100 2578 1210 2646 trans·

196 2705 339 2779 formari
357 2697 506 2797 uoluisti,
524 2714 668 2798 praesta,
693 2729 904 2799 quaesumus,
934 2715 972 2780 ut
990 2708 1071 2780 illud
1084 2709 1208 2799 lumen,

200 2839 294 2933 quod
328 2839 394 2910 tuis
426 2841 590 2930 apostolis
621 2842 799 2914 ostendere
833 2843 991 2932 dIgnatus
1023 2865 1074 2933 cs,
1111 2843 1211 2933 largi-

201 2976 269 3048 aris
296 2976 333 3045 ct
361 2971 466 3044 nobis.
502 2973 566 3064 Qui
594 2996 672 3046 cum
698 2982 806 3065 patre.
848 2975 948 3048 VIII.
977 2977 1051 3048 idus
1078 2976 1212 3066 augusti

119 3187 121 3191 Α
200 3109 393 3209 celebratur
425 3106 676 3196 transfigurata
710 3110 844 3182 Domini
878 3112 912 3180 in
946 3116 1060 3183 monte
1088 3110 1209 3182 Tabor.

200 3240 429 3315 Introitus:
457 3239 645 3314 Benedicta
671 3244 715 3316 sit
743 3250 870 3317 sancta.
924 3246 993 3316 Per
1019 3244 1210 3314 Dominum.

203 3375 371 3449 Oratio:
402 3373 505 3465 Deus
535 3375 591 3465 qui
619 3375 782 3449 lrodIerno
811 3379 864 3452 dle
892 3378 1100 3467 unigenitum
1120 3382 1213 3448 tuum

203 3507 406 3582 mirabiIIter
433 3506 707 3581 transformatum
732 3514 875 3585 coelitus
903 3512 1079 3601 utriusque
1106 3511 1223 3581 testass

205 3643 307 3716 menti
352 3639 505 3731 patribus
548 3645 721 3740 revelasti,
769 3642 825 3719 da'
853 3646 961 3735 nobis,
1005 3665 1213 3734 quaesumus
