2782 4290
1134 375 1198 442 113

266 548 422 626 Secundo
461 552 620 624 milliario
655 572 676 622 a
709 552 821 625 Tabor
855 551 973 627 Nalm
1001 556 1124 646 civitas,
1155 557 1199 628 ad

185 685 285 778 cujus
317 692 451 777 portam
483 686 583 759 Jesus
616 687 765 759 restituit
800 689 889 760 vitae
924 688 1027 760 filium
1062 690 1194 780 viduae,

186 839 290 908 quem
317 821 448 892 incolae
462 826 599 892 narrant
614 821 914 892 Bartholomaeum
942 822 1052 914 fuisse,
1081 831 1199 914 postea

185 951 315 1024 fartum
342 955 542 1044 apostolum.
597 953 707 1045 Supra
725 953 824 1026 Nalm
850 978 945 1027 mons
971 955 1126 1046 Endor,
1156 958 1199 1028 ad

185 1087 281 1178 eujus
317 1087 466 1159 radicem
499 1108 601 1177 supra
635 1092 823 1160 torrentem
859 1088 1049 1180 Cadumim‚
1080 1093 1199 1181 quiet

186 1227 323 1292 torrens
350 1220 485 1293 Cison.
522 1219 667 1293 Consilio
695 1221 852 1293 Deborae
871 1225 1105 1312 prophetissae
1132 1224 1201 1294 Ba·

186 1354 283 1444 ruch,
313 1352 402 1425 filius
429 1356 549 1445 Amon,
580 1355 704 1427 devicit
737 1355 919 1447 idumaeos
950 1358 1062 1430 Sisara
1089 1359 1199 1429 occiso

186 1508 209 1559 a
235 1486 349 1579 Jahel,
378 1509 483 1561 uxore
510 1488 606 1561 Ater
635 1487 768 1579 Cinaei3
796 1489 867 1561 Zeb
896 1496 1008 1562 autem
1036 1497 1070 1562 et
1086 1490 1199 1564 Zelree

187 1627 225 1694 et
252 1621 427 1711 Selmena,
472 1629 564 1693 trans
597 1620 782 1694 Jordanem
822 1644 1044 1716 persequens,
1086 1626 1199 1714 gladio

186 1757 349 1848 peremit,
392 1757 526 1830 Baruch
564 1778 646 1828 vero
687 1757 721 1826 in
749 1755 868 1828 Endor
908 1765 943 1828 et
979 1757 1041 1829 sub
1069 1758 1198 1846 Endor,

187 1910 288 1962 caeso
317 1872 480 1963 exercitu.
538 1889 636 1962 Unde
662 1891 697 1961 in
724 1889 874 1961 Psalmo:
910 1889 1023 1962 Tolmr
1049 1896 1081 1961 et
1107 1889 1201 1962 Her-

186 2045 269 2097 mon
295 2024 333 2095 ia
359 2025 494 2097 omnine
528 2029 585 2096 tao
618 2022 815 2094 exultabant
842 2030 905 2095 ete.
963 2023 1066 2096 Sexto
1092 2025 1199 2095 *milli-

187 2158 261 2230 ario
295 2172 317 2229 a
352 2156 541 2249 Nazareth,
585 2159 704 2249 quinto
738 2156 894 2228 milliario
929 2179 949 2228 a
976 2157 1075 2228 Nalm
1108 2157 1132 2229 J
1138 2179 1201 2229 ez-

186 2291 312 2364 rahel
342 2275 472 2383 civitas,
501 2313 587 2382 quae
615 2296 652 2364 et
680 2291 825 2380 Zaraim,
856 2306 942 2380 quae
969 2291 1070 2361 modo
1099 2292 1200 2380 vulgo

189 2426 316 2498 dicitur
342 2424 456 2497 Minor
485 2424 628 2497 Gallina.
685 2425 741 2496 Ex
769 2445 835 2515 qua
860 2424 1017 2513 Jezabol,
1047 2425 1200 2515 impiissi-

185 2580 243 2631 ma
270 2560 399 2650 regina,
428 2557 502 2650 furit,
532 2580 618 2651 quae
633 2557 773 2630 abstulit
789 2559 920 2630 vineam
937 2556 1083 2647 Naboth,
1115 2579 1200 2647 quae

185 2715 250 2785 pro
278 2693 534 2784 importunitate
562 2713 622 2764 sua
650 2692 692 2763 de
720 2714 846 2764 summo
861 2693 977 2783 palatii
1006 2694 1058 2765 sui
1072 2693 1199 2781 praeol-

185 2827 299 2918 pitata
326 2826 465 2914 interiit,
496 2827 602 2918 eujus·
620 2825 727 2898 adhuc
740 2826 886 2916 pyramis
907 2847 1015 2916 nuper
1029 2831 1201 2914 superstes

188 2958 381 3033 videbatur.
424 2957 526 3031 Juxta
552 2958 710 3033 Jezrahel
738 2980 871 3050 campus
899 2959 1144 3050 Mageddon,
1168 2958 1201 3028 in

188 3115 255 3185 quo
270 3071 345 3165 'rex
373 3086 473 3164 Ozias
500 3113 520 3164 a
546 3112 629 3182 rege
644 3090 815 3165 Samariae
845 3093 1006 3165 subactus
1034 3093 1199 3181 occubuit,

188 3225 323 3317 deinde,
353 3226 539 3299 translatus
567 3227 601 3297 in
632 3225 720 3318 Sion,
750 3227 898 3318 sepultus
927 3232 986 3298 est.

269 3359 432 3432 Milliario
460 3381 482 3431 a
508 3358 667 3434 Jezrahel
693 3366 827 3433 montes
854 3358 1032 3447 Gelboe,
1068 3359 1102 3427 in
1131 3355 1202 3445 qui-

189 3492 251 3565 bus
279 3492 475 3565 dimicantes
503 3490 581 3566 Saul
610 3499 646 3566 et
673 3495 836 3569 Jonathas
872 3493 1006 3566 subacti
1034 3491 1199 3560 obierunt.

191 3624 289 3698 Unde
317 3624 442 3700 David:
476 3626 615 3701 Montes
652 3627 774 3701 Geldoe
800 3653 861 3702 aer
894 3652 961 3721 roa,
984 3641 1052 3699 'aec
1078 3623 1203 3714 plania

1049 3755 1069 3821 8
