2782 4290
1063 441 1104 506 55

91 616 244 685 ariorum
272 613 483 702 provinciam
517 619 635 683 aratra
669 615 854 706 trudendo,
890 625 966 688 sata
992 641 1106 693 seren·

91 748 147 838 do,
177 768 320 818 messem
348 747 505 817 metendo
535 767 611 815 curn
639 746 751 819 multis
774 769 956 822 messorum
985 773 1106 841 opera-

87 881 148 952 riis
177 900 240 972 per
269 879 397 950 vitreos
424 879 653 970 bajoariorum
681 900 817 970 campos
850 903 925 954 curn
957 886 1107 958 ecclesiis

88 1018 195 1105 atque
239 1012 461 1102 presbyteriis
502 1015 764 1103 sanctorumque
808 1014 959 1107 reliqniis
1002 1017 1105 1108 digna

87 1147 238 1218 Domino
266 1145 393 1218 delibat
420 1144 517 1216 dona.
561 1143 643 1216 Inde
671 1165 761 1217 nuno
776 1147 979 1240 antiphonae
994 1153 1106 1242 crepi-

88 1285 182 1371 tant,
224 1279 303 1352 inde
337 1279 502 1351 lectiones
536 1277 719 1368 resultant,
764 1279 842 1353 inde
887 1305 976 1356 nuno
1015 1251 1107 1357 clara

91 1415 304 1488 credentium
332 1413 444 1503 turba,
474 1412 778 1504 sancta-strepitant
793 1411 919 1499 Christi
935 1418 1105 1508 miracula,

91 1552 128 1621 et
169 1547 394 1620 celeberrima
436 1545 617 1618 conditoris
649 1547 890 1634 gratulabundi
931 1553 1107 1640 garrulant

91 1680 287 1774 praeconia.
341 1680 431 1770 Quid
470 1679 578 1751 dicam
609 1699 699 1750 nuno
727 1679 770 1752 de
798 1681 1002 1775 willibaldo,
1031 1706 1106 1757 meo

90 1816 258 1907 magistro
310 1818 346 1887 et
384 1818 497 1886 vestro
539 1811 697 1883 alumno?
765 1811 846 1904 Quis
881 1816 939 1887 illo
977 1817 1107 1906 pietate

91 1948 333 2041 praestantior,
350 1946 541 2020 humilitate
555 1945 780 2037 excellentior,
800 1948 968 2037 patientia
977 1952 1105 2044 purior,

95 2083 301 2154 continentia
327 2080 476 2172 rigidior,
504 2080 758 2151 mansuetudine
785 2083 919 2174 major?
952 2082 1016 2156 Cui
1050 2083 1107 2157 ille

92 2237 239 2308 unquam
265 2216 334 2317 ,hie
364 2216 399 2285 in
433 2214 578 2286 tristium
613 2212 734 2285 solatio
764 2216 949 2310 posterior,
986 2221 1022 2287 et
1055 2218 1107 2290 cui

92 2352 148 2425 ille
175 2351 210 2422 in
238 2370 429 2441 pauperum
464 2345 685 2438 opitulatione
723 2347 863 2419 inferior
895 2354 954 2420 aut
986 2350 1019 2421 in
1047 2372 1108 2423 nu-

97 2486 218 2557 dorum
246 2483 365 2556 habitu
400 2481 555 2554 tardior?
608 2479 676 2552 Ista
711 2482 821 2552 omnia
856 2503 923 2554 non
960 2484 1004 2555 ad
1032 2484 1108 2575 jao·

93 2620 232 2693 tantiam
261 2617 360 2708 diota,
390 2618 450 2690 sed
478 2615 565 2689 deut
593 2614 663 2686 vidi
683 2620 717 2687 et
744 2616 865 2712 audivi,
893 2616 960 2689 Dei
987 2618 1106 2709 gratia

93 2774 158 2826 non
186 2751 331 2824 hominis
358 2749 459 2839 facta,
489 2749 545 2840 qui
573 2747 753 2820 seeundmn
782 2751 984 2841 apostolum:
1041 2748 1109 2838 Qut

88 2886 277 2977 ploriotur,
306 2885 342 2958 iu
369 2882 519 2957 Domino
543 2881 720 2972 plotaetur.

523 3264 682 3280 m
