2782 4290
199 414 268 481 lro

197 596 334 667 dentem
372 594 561 666 deriserunt
594 594 836 668 exclamantes:
885 589 1062 684 Ascende,
1098 593 1204 683 coloe,

197 726 352 815 ascende,
378 726 475 814 coloe
502 732 564 799 etc.

277 860 394 932 Tertio
421 861 532 951 lapide
560 860 760 951 alaricho,
800 862 930 946 duobus
958 862 1160 933 milliaribus
1187 882 1208 932 a

195 993 346 1078 Jordane
373 993 600 1084 Bethagla,
629 995 718 1084 quod
742 995 984 1086 interpretatur
1006 996 1101 1067 locus
1121 994 1206 1085 gyri,

195 1148 237 1199 eo
273 1127 363 1231 quod
396 1128 443 1198 ibi
477 1147 571 1199 more
604 1128 839 1218 plangentium
874 1130 1070 1202 circuissent
1110 1127 1209 1200 lunas

194 1261 301 1333 Jacob
339 1261 399 1332 filii
436 1261 509 1353 ejus
547 1281 697 1350 gensque
731 1283 808 1352 sua,
845 1263 1031 1335 relerentes
1059 1283 1137 1335 eum
1165 1261 1207 1334 de

195 1396 354 1486 Aegypto
381 1395 414 1465 iu
441 1394 622 1494 Hebron·

251 1528 472 1618 ‚Engaddi
499 1530 534 1615 in
561 1527 652 1600 tribu
673 1527 772 1620 Juda,
802 1530 859 1601 ubi
886 1551 922 1602 se
940 1529 1117 1604 abscondit
1138 1529 1208 1601 Da-

196 1662 251 1734 vid
278 1663 313 1734 in
339 1662 530 1754 solitudine,
560 1683 645 1753 quac
673 1669 725 1735 est
752 1664 786 1735 in
800 1663 932 1736 Aulone
959 1662 1114 1754 iericho,
1144 1663 1208 1735 hoc

195 1801 256 1886 est,
286 1796 320 1867 in
346 1796 484 1885 regione
506 1795 562 1868 illa
582 1798 772 1887 campestri.
811 1797 961 1870 Vocatur
983 1803 1097 1868 autem
1113 1798 1208 1869 vicus

193 1930 251 2000 ille
288 1929 509 2019 praegrandis
545 1929 748 2020 judaeorum
784 1930 944 2019 Engaddi
980 1931 1080 2023 juxta
1112 1952 1207 2002 mare

194 2062 388 2152 Mortuum,
424 2061 514 2134 unde
550 2068 584 2134 et
612 2064 864 2153 opobalsamum
897 2064 977 2136 oriri
1005 2065 1138 2136 solebat
1172 2071 1207 2136 et

194 2195 317 2274 afferri.
373 2194 470 2268 Unde
499 2201 534 2280 et
559 2196 678 2269 vineae
705 2197 862 2287 Engaddi
886 2199 1177 2288 nuncupabantur.

193 2420 244 2487 21.
284 2421 418 2502 Hebron,
441 2421 590 2506 spelunca
616 2420 743 2506 duplex,
766 2376 865 2490 vallis
876 2423 1102 2509 docrinarum,
1127 2443 1205 2510 ager

247 2547 248 2550 ’
284 2532 497 2607 damascenus,
521 2545 654 2612 quercus
677 2530 824 2597 llambro.

246 2811 248 2815 v
272 2728 328 2799 Ex
355 2728 465 2800 altera
491 2734 590 2820 parte
616 2731 821 2823 Jerusalem,
855 2732 1099 2823 aliquantulum
1128 2755 1202 2819 ver-

192 2884 246 2935 sus
266 2862 450 2955 meridiem,
480 2869 532 2936 est
557 2864 677 2936 civitas
704 2865 888 2956 Hebron,
917 2888 1004 2958 quae
1032 2867 1207 2958 quondam·

192 3002 266 3069 erat
289 2997 484 3088 metropolis
504 2997 751 3088 philistinorum
776 3005 811 3072 et
830 2999 1060 3072 habitaculum
1087 3001 1202 3090 gigan-

191 3133 278 3222 tum,
320 3131 449 3204 distans
475 3153 497 3203 a
524 3137 639 3208 sancta
672 3133 804 3206 civitate
837 3155 899 3224 per
932 3134 1058 3206 dietam
1091 3155 1199 3207 unam.

190 3264 241 3335 Et
270 3269 343 3335 erat
378 3265 411 3336 in
447 3266 538 3337 tribu
564 3265 656 3337 luda
690 3266 807 3340 civitas
834 3268 893 3339 illa
918 3268 1138 3340 sacerdotalis
1166 3273 1200 3341 et

191 3396 406 3488 lugitivorum
433 3399 510 3489 sita,
539 3398 664 3471 scilicet
690 3400 725 3470 in
748 3420 831 3489 agro
858 3400 926 3491 illo,
955 3400 990 3471 in
1019 3422 1086 3492 quo
1114 3403 1199 3492 plas-

190 3537 300 3603 mator
326 3532 475 3606 omnium
500 3536 631 3622 patrem
659 3538 809 3606 nostrum
823 3534 932 3606 Adam
959 3535 1141 3626 plasmavit
1167 3540 1199 3606 et

191 3666 379 3757 inspiravit.
421 3664 563 3739 Hebron
584 3666 809 3743 Kariatharb'e
833 3669 964 3759 dicitur,
988 3668 1196 3742 sarracenice
