2782 4290
1154 367 1196 433 49

186 548 390 636 perpetrare
421 542 607 634 respondit.
669 542 719 612 Et
750 547 863 614 tamen
896 563 963 614 non
995 544 1103 616 solnm
1140 547 1197 638 ibi,

186 679 248 751 sed
286 676 410 767 ubique
448 677 483 747 in
526 676 616 748 omni
656 680 823 748 terrarum
856 676 950 765 loeo,
993 697 1197 769 quoeunque

185 812 280 882 illum
307 809 537 881 transmittere
565 807 776 898 dignaretur,
814 809 948 898 devote,
979 810 1052 881 sine
1080 811 1195 884 deside

187 943 394 1034 differentia,
429 942 612 1014 seeundum
639 962 720 1014 suae
747 942 931 1014 voluntatis
958 941 1131 1016 arbitrium
1160 970 1197 1020 se

187 1096 334 1169 pergere
354 1075 553 1168 spondebat.
1220 1060 1223 1066 ’

186 1418 316 1487 XXXV.
351 1417 527 1485 Proiaotio:
557 1417 686 1496 Lunam,
710 1416 861 1497 bioinum,
884 1417 1036 1500 Brixiam,
1059 1420 1197 1509 aaran,

188 1527 230 1593 ad
252 1523 432 1603 odilonem,
464 1523 506 1591 ad
537 1523 691 1608 suidger,
721 1521 764 1589 ad
792 1523 960 1603 Lintbard,
993 1525 1034 1592 ad
1056 1544 1082 1595 s.
1105 1528 1201 1595 Boni·

335 1630 463 1714 fanium,
485 1629 630 1715 ldihstat‚
654 1629 710 1697 ubi
733 1628 865 1697 adolasia
886 1648 913 1695 s.
937 1629 1069 1700 diariae.

270 1876 358 1949 Post
385 1874 472 1947 haee
498 1880 590 1966 tunc,
618 1875 720 1946 finitis
743 1874 954 1946 oraculorum
967 1873 1097 1968 fabulis,
1125 1898 1189 1967 per

191 2012 297 2101 gebat
323 2006 402 2080 inde
430 2007 643 2080 Willibaldus
676 2008 710 2078 in
737 2007 872 2098 paseha,
902 2009 957 2100 qui
984 2008 1061 2082 illue
1088 2011 1203 2084 venie-

194 2144 254 2215 bat
278 2143 315 2214 in
343 2140 458 2213 natale
484 2142 593 2212 saneti
620 2141 792 2230 Andreae,
823 2146 858 2212 et
885 2140 1108 2214 Tidberehtus
1134 2164 1205 2214 ma-

195 2277 300 2348 nebat
322 2274 371 2346 ibi
398 2274 442 2345 ad
462 2273 619 2346 Sanctum
636 2273 867 2346 Benedictum.
900 2272 951 2342 Et
978 2275 1135 2347 veniebat
1161 2275 1206 2346 ad

196 2409 365 2508 Lucam,
393 2407 448 2481 ubi
461 2411 562 2499 pater
576 2407 650 2498 ejus
676 2406 921 2498 requiescebat.
957 2405 1006 2477 Et
1021 2408 1099 2479 inde
1113 2409 1207 2480 venit

196 2543 241 2614 ad
254 2541 442 2613 Titiniae
458 2540 584 2630 urbem,
598 2543 635 2611 et
646 2539 725 2625 inde
735 2539 828 2613 venit
840 2539 883 2610 ad
892 2539 1209 2614 urbemBrixiam.

196 2676 246 2746 Et
269 2673 348 2746 inde
363 2673 457 2745 venit
471 2672 514 2745 ad
539 2672 660 2772 locum,
689 2671 746 2764 qui
762 2671 889 2744 dicitur
902 2646 1040 2744 Carta.
1066 2672 1114 2744 Et
1127 2679 1208 2746 tune

197 2808 290 2883 venit
318 2799 362 2879 ad
390 2806 511 2879 ducem
538 2803 725 2898 Odilonem,
755 2809 791 2878 et
809 2804 856 2877 ibi
873 2803 940 2877 fuit
960 2825 1060 2876 unam
1079 2805 1208 2878 hebdo-

197 2941 341 3014 madam.
399 2937 447 3010 Et
473 2938 552 3011 inde
579 2939 674 3011 venit
701 2937 743 3010 ad
770 2936 983 3028 Suitgarium,
1013 2942 1048 3010 et
1074 2939 1121 3010 ibi
1147 2938 1210 3011 fuit

197 3097 274 3148 oum
299 3074 358 3145 illo
387 3092 488 3144 unam
515 3071 770 3143 hebdomadam.
811 3069 859 3140 Et
886 3070 965 3141 inde
985 3075 1209 3162 perrexerunt

197 3209 239 3281 ad
266 3203 447 3296 Linthard,
477 3202 665 3293 Suitgarius
693 3208 728 3274 et
750 3203 963 3276 Willibaldus
990 3202 1034 3274 ad
1060 3207 1208 3274 sanetum

143 3381 148 3391 ·
196 3341 424 3414 Bonifaeium.
480 3335 529 3407 Et
555 3336 645 3408 misit
672 3335 747 3408 illos
774 3341 908 3408 sanetus
941 3333 1136 3407 Bonifatius
1163 3331 1207 3403 ad

197 3473 390 3560 Eihstat,
419 3474 458 3542 ut
485 3469 627 3564 videret,
656 3467 823 3561 quomodo
837 3444 900 3540 sibi
914 3468 1078 3558 placeret.
1112 3463 1208 3534 Illam

197 3608 375 3698 regionem
401 3601 542 3675 Eihstat
567 3600 753 3691 Suitgarius
791 3600 931 3673 tradidit
962 3603 1077 3670 sancto
1104 3593 1208 3665 Boni-

999 3716 1022 3780 4
