2782 4290
196 393 262 461 160

191 575 358 662 dohannis
392 574 569 646 ecclesiam
608 580 661 646 est
694 574 942 647 coenobium
978 577 1204 651 sanctimo-

192 709 359 781 nialium
384 707 419 779 in
447 708 609 779 honorem
635 713 773 779 sanctae
801 708 933 782 Mariae
957 715 1199 803 constructum,

193 848 229 914 ot
256 843 408 915 estsere
436 841 632 930 contiguum
657 842 692 913 in
720 842 830 936 capite
845 863 920 914 cum
933 843 1092 917 aedificiis
1103 867 1204 938 prae·

191 976 282 1048 satae
310 977 470 1049 ecclesiae
498 981 704 1066 vocaturque
732 975 783 1047 ad
809 983 996 1049 sanctam
1024 977 1203 1051 Mariam

191 1111 405 1202 majorem.
452 1107 529 1179 Non
563 1109 664 1197 longe
699 1110 834 1200 abhinc,
871 1111 906 1180 in
935 1110 1055 1182 eodem
1082 1112 1202 1185 ordine

193 1246 342 1339 ejusdem
369 1243 512 1335 plateae,
543 1246 595 1313 est
622 1245 875 1316 coenobium
889 1245 1202 1339 monachorum,

191 1381 272 1453 item
305 1380 340 1449 in
373 1377 536 1448 honorem
569 1383 706 1449 sanotae
743 1377 873 1450 Mariae
909 1385 1141 1451 constructum
1168 1387 1203 1453 et

133 1492 143 1521 ⁸
190 1517 332 1583 vocatur
374 1511 424 1582 ad
467 1513 654 1583 sanctam
695 1510 872 1583 Mariam
908 1513 1103 1602 latinam,
1144 1514 1202 1586 ubi

190 1651 280 1719 testa
308 1645 362 1716 vel
389 1650 490 1738 caput
516 1643 622 1716 sancti
656 1643 806 1737 Philippi
840 1647 983 1739 apostoli
1016 1647 1050 1718 in
1077 1667 1201 1736 magna

191 1780 409 1853 veneratione
437 1779 596 1865 babetur,
633 1781 670 1848 et
698 1778 801 1850 etiam
829 1800 905 1852 cum
931 1781 1113 1852 devotione
1141 1781 1201 1853 ad·

189 1913 401 1987 venientibus
428 1918 464 1984 et
488 1912 524 1983 id
551 1882 813 2004 postulantibus*
827 1914 1030 1985 ostenditur.
1083 1976 1091 1992 .
1168 1958 1170 1962 »

268 2047 371 2120 Juxta
397 2046 488 2117 illam
515 2046 672 2138 plateam,
703 2067 789 2136 quae
816 2067 837 2118 a
863 2053 963 2141 porta
982 2047 1095 2120 David
1124 2071 1200 2122 ver-

189 2204 246 2255 sus
279 2182 442 2275 templum
483 2199 546 2273 per
580 2179 779 2251 descensum
818 2181 989 2271 dirigitur,
1024 2182 1059 2253 in
1094 2185 1200 2257 latere

191 2318 322 2408 dextro,
350 2334 456 2406 prope
483 2313 603 2384 turrim
629 2312 739 2385 David
774 2320 825 2386 est
852 2315 1101 2388 coenobium
1129 2338 1200 2389 mo·

189 2451 372 2523 nachorum
399 2468 610 2521 armenorum
647 2448 682 2518 in
716 2449 844 2521 bonore
878 2449 1013 2521 sancti
1048 2449 1197 2542 Sabae,

190 2584 319 2656 abbatis
346 2580 627 2670 reverendissimi,
656 2603 720 2671 pro
742 2603 808 2673 quo
823 2583 924 2654 etiam
939 2583 1049 2655 adbuc
1063 2586 1199 2658 vivente

190 2719 290 2789 beata
304 2717 401 2804 virgo
416 2714 536 2805 Maria,
547 2717 656 2787 multa
672 2716 755 2787 fecit
771 2717 943 2809 miracula,
959 2724 1196 2792 constructum.

188 2850 334 2940 ibidem,
374 2869 440 2922 non
476 2850 576 2939 longe
618 2850 756 2942 abhinc,
799 2872 862 2942 per
889 2851 1084 2925 descensum
1112 2856 1199 2927 ultra

187 2985 286 3056 aliam
319 2985 467 3075 plateam
502 2988 553 3055 est
589 3003 711 3072 magna
748 2985 932 3080 ecclesia
972 2986 1198 3061 inhonorem

188 3119 324 3195 sancti
357 3117 380 3191 J
387 3119 507 3190 acobi
538 3117 677 3209 majoris
712 3124 920 3207 constructa,
955 3120 1015 3191 ubi
1042 3123 1197 3195 monachi

187 3254 340 3326 habitant
367 3253 506 3341 armeni,
537 3258 572 3322 et
599 3252 729 3324 habent
756 3255 859 3325 etiam
885 3252 1012 3324 ibidem
1039 3277 1196 3346 maguum

186 3388 352 3480 hospitale
378 3406 441 3477 pro
469 3385 663 3474 colligendis
695 3387 901 3478 pauperibus
933 3408 1016 3458 suae
1048 3389 1193 3480 linguae.

185 3523 235 3594 lbi
269 3541 403 3614 quoque
439 3521 474 3590 in
511 3539 633 3608 magna
670 3521 887 3594 veneratione
924 3522 1071 3594 habetur
1091 3518 1193 3597 ‘testa

186 3655 336 3748 ejusdem
364 3653 522 3746 apostoli;
550 3652 613 3724 fuit
641 3654 728 3731 euim
755 3656 798 3726 ab
827 3656 967 3728 Herode
996 3657 1189 3747 decollatus,
