2782 4290
305 416 348 483 78

305 597 470 671 cellerarii
497 596 539 687 II,
567 597 794 670 thesaurarius
826 596 853 688 Ι,
890 598 947 688 qui
974 595 1083 671 fontes
1112 599 1263 671 custodit
1290 600 1314 690 l,

304 732 447 821 portarii
464 729 572 803 Vllll.
612 729 696 803 Sunt
714 733 749 803 in
768 751 897 804 summu
916 730 987 822 CL,
1006 733 1152 824 exceptis
1167 733 1318 824 hospita·

302 866 388 939 libus
415 865 471 936 ΙΙΙ.

356 995 421 1070 ‘In
454 1004 598 1071 sancta
631 997 730 1071 Sion
763 999 852 1073 inter
883 1003 1103 1093 presbyteros
1145 1005 1183 1074 et
1218 1003 1315 1076 cleri·

304 1154 361 1205 cos
395 1133 507 1224 XVll,
538 1133 682 1224 exceptis
708 1133 783 1206 Deo
811 1136 950 1208 sacratis
978 1141 1015 1208 et
1042 1135 1177 1208 inclusis
1203 1135 1255 1237 11,
1282 1137 1315 1208 in

302 1272 451 1338 sancto
479 1265 622 1357 Petro,
660 1267 717 1339 ubi
745 1269 817 1357 ipse
845 1270 1008 1360 gloriosus
1035 1271 1196 1360 ploravit,
1227 1271 1317 1342 inter

302 1400 521 1492 presbyteros
550 1403 586 1470 et
614 1401 754 1473 clericos
782 1402 825 1492 V,
853 1402 887 1474 in
913 1404 1131 1494 praetorio
1159 1404 1203 1477 V.

380 1534 419 1606 In
455 1539 598 1606 sancta
634 1534 771 1606 Maria
811 1556 927 1627 nova,
972 1559 1073 1628 quam
1105 1537 1315 1611 Justinianus

301 1669 486 1760 imperator
501 1670 673 1757 exstruxit,
702 1668 776 1758 Xll,
805 1671 840 1741 in
868 1675 1016 1742 sancto
1033 1670 1267 1743 Thalelaeo
1286 1671 1312 1762 Ι,

301 1803 336 1874 in
363 1808 509 1874 sancto
539 1802 722 1893 Georgio
757 1801 798 1893 ll,
835 1806 869 1875 in
904 1810 1049 1877 sancta
1074 1804 1227 1896 Maria,
1257 1805 1313 1878 ubi

301 1943 384 2009 nata
411 1937 476 2009 fuit
502 1938 537 2009 in
564 1937 805 2030 probatica,
836 1937 883 2030 V,
918 1938 1069 2010 inclusae
1095 1937 1170 2010 Deo
1199 1959 1313 2012 sacra-

301 2076 358 2142 tae
386 2069 495 2144 XXV.

378 2205 416 2276 ln
443 2210 592 2277 sancto
620 2205 850 2298 Stephano,
879 2205 936 2278 ubi
963 2205 1111 2299 sepultus
1138 2204 1212 2297 fuit,
1244 2206 1312 2278 cle·

299 2339 360 2411 rici
388 2338 431 2430 ll,
460 2339 588 2428 leprosi
615 2340 691 2412 XV.

379 2472 418 2543 In
455 2472 566 2544 valle
599 2473 822 2566 iosaphat,
858 2475 892 2545 in
930 2473 1025 2565 villa,
1066 2466 1159 2564 quse
1186 2453 1312 2546 dicitur

300 2603 591 2697 Gethsemane,
622 2608 678 2680 ubi
704 2612 847 2681 sancta
873 2607 1010 2680 Maria
1037 2609 1208 2698 sepulta
1234 2608 1307 2701 luit,

298 2739 354 2813 ubi
381 2738 591 2830 sepulchrum
618 2741 692 2832 ojus
719 2747 770 2814 est
801 2743 1011 2833 venerabile,
1045 2743 1135 2814 inter
1166 2743 1307 2834 presby·

296 2878 387 2945 teros
414 2878 449 2945 et
476 2873 615 2947 clericos
642 2876 731 2967 Xlll,
761 2875 916 2948 monachi
941 2875 1006 2968 Vl,
1040 2875 1115 2949 Deo
1152 2881 1304 2949 sacratae

295 3007 384 3079 inter
408 3008 549 3082 inclusas
577 3016 611 3083 et
637 3011 762 3084 ibidem
789 3011 975 3083 servientes
989 3009 1066 3102 XV,
1094 3010 1128 3082 in
1156 3016 1305 3083 sancto

296 3141 473 3215 Leontio
506 3144 686 3235 presbyter
716 3146 748 3236 Ι,
784 3147 819 3216 in
852 3149 998 3217 sancto
1026 3142 1188 3216 Jacobo
1217 3145 1242 3235 Ι,
1271 3144 1306 3215 in

294 3283 438 3350 sancto
479 3277 693 3368 Quaranta
736 3279 801 3370 ΠΙ,
842 3280 876 3350 in
926 3283 1068 3350 sancto
1115 3274 1306 3350 Christo·

293 3412 422 3503 phoro
460 3412 493 3503 Ι,
532 3413 566 3483 in
607 3419 749 3485 sancta
782 3412 984 3503 Aquilina
1009 3410 1045 3500 l,
1089 3411 1124 3480 in
1157 3416 1305 3483 sancto

294 3546 486 3637 Quiriaco
505 3545 531 3638 Ι,
553 3547 597 3641 in¹
615 3551 758 3620 sancto
773 3545 984 3638 Stephano
1012 3542 1071 3636 ΙΙΙ,
1100 3544 1135 3615 in
1156 3550 1303 3619 sancto

293 3679 491 3755 Dometio
519 3679 545 3753 1.
