2782 4290
301 434 366 504 272

210 692 212 695 ,
258 667 264 673 -
301 619 466 690 steterunt
497 601 619 706 hydria
652 618 688 685 et
721 612 917 705 triclinium,
953 612 1012 687 ubi
1046 605 1151 685 erant¹
1177 633 1314 685 mensae

299 751 443 845 positae,
473 753 508 819 et
535 754 612 819 sunt
633 748 707 820 loca
729 747 961 835 subterranea,
990 745 1080 817 sicut
1104 746 1172 817 alia
1199 766 1315 839 quam..

301 885 445 979 plurima
482 886 615 972 sancta,
657 881 783 954 scilicet
809 879 1095 970 annunciationis,
1129 877 1316 952 nativitatis

232 1012 233 1017 ’
304 1011 439 1086 Christi.
477 1014 555 1088 <De
581 1015 697 1088 Chana
722 1013 895 1088 Galilaeae
929 1013 1012 1086 duas
1044 1013 1160 1084 leucas
1195 1017 1316 1085 contra

303 1153 455 1220 austrum
484 1153 535 1221 est
562 1148 677 1221 civitas
704 1148 754 1221 Se
761 1148 868 1241 phor
896 1144 1126 1244 (Sepphoris).
1182 1144 1316 1219 Deinde

304 1301 422 1354 versus
443 1281 656 1355 Tiberiadem
674 1304 776 1373 supra
792 1282 953 1354 Dothaim
981 1286 1034 1353 est
1050 1301 1148 1352 mons
1162 1279 1316 1351 Bethu·

304 1413 408 1505 liae,
436 1420 474 1486 nt
501 1437 613 1506 supra.
666 1414 722 1488 De
740 1415 901 1488 Bethulia
919 1420 1049 1506 septem
1074 1415 1187 1486 leucas
1214 1434 1316 1503 supra

304 1567 398 1618 mare
431 1546 604 1621 Galilaeae
641 1555 692 1620 est
722 1550 751 1621 T
758 1549 930 1638 iherias;
975 1548 1113 1621 Herode
1145 1547 1316 1621 tetrarcha

183 1786 186 1791 .
306 1686 502 1774 nuncupata
529 1689 580 1755 est
606 1682 768 1756 Tiberias.
826 1682 911 1755 Sunt
943 1682 990 1754 ibi
1023 1681 1145 1754 balnea
1176 1680 1316 1752 medici-

308 1816 396 1887 nalia
422 1816 457 1887 in
485 1817 601 1889 littore
628 1817 740 1889 maris.
783 1815 837 1887 Ab
864 1815 983 1888 Ackon
1011 1819 1130 1887 contra
1157 1821 1314 1903 austrum,

307 1949 373 2031 sed
395 1951 639 2041 aliquantulum
667 1949 863 2023 declinando
892 1949 935 2022 ad
962 1941 1130 2021 orientem
1163 1952 1218 2021 est
1244 1947 1317 2020 Na-

309 2083 474 2175 zareth,
503 2084 623 2156 civitas
651 2084 787 2175 dilecta,
816 2083 874 2154 ubi
900 2082 962 2156 flos
988 2081 1108 2154 florum
1136 2081 1179 2153 de
1206 2081 1317 2158 radice

271 2296 274 2303 ,
308 2215 404 2289 lesse
430 2217 619 2308 pullulavit,
649 2222 684 2289 et
707 2217 809 2290 distat
837 2217 879 2289 ah
898 2216 1018 2289 Ackon
1045 2221 1176 2310 septem
1203 2213 1315 2286 leucis.

308 2349 385 2440 Ipsa
412 2349 499 2421 euim
526 2357 580 2423 est
605 2352 744 2443 propria
771 2351 887 2424 civitas
914 2349 1101 2424 salvatoris.
1144 2345 1199 2421 Eo
1229 2347 1318 2440 quod

309 2483 343 2554 in
378 2506 419 2556 ea
451 2485 596 2557 nutritus
632 2485 736 2558 fuerit
768 2483 887 2578 lesus,
926 2485 1123 2558 Nazarenus
1165 2486 1316 2556 vocatur.

309 2616 437 2689 ibidem
462 2618 539 2690 fons
566 2620 709 2709 exiguus
737 2621 897 2710 scaturit,
933 2641 976 2692 ex
1004 2640 1071 2712 quo
1104 2638 1191 2710 puer
1218 2616 1319 2691 Jesus

311 2750 421 2821 suevit
457 2751 594 2826 haurire
629 2759 664 2825 et
702 2774 823 2845 aquam
866 2753 1060 2825 ministrare
1087 2750 1189 2824 matri
1226 2772 1318 2823 suae.

253 2870 256 2876 ⁴
310 2883 364 2956 De
380 2975 382 2978 Α
400 2883 574 2959 Nazareth
614 2887 722 2959 tribus
762 2889 867 2960 leucis
911 2893 1027 2960 contra
1064 2886 1231 2959 orientem
1270 2892 1322 2959 est

310 3039 406 3090 mons
434 3018 584 3111 Tahor,
613 3042 679 3113 quo
708 3023 994 3118 (trauslfiguratus
1023 3023 1077 3092 est
1098 3018 1322 3119 Christus-et

309 3152 452 3224 rimatur
483 3129 530 3226 ihi
562 3155 658 3226 locus
691 3155 794 3234 trium
827 3154 1133 3228 tabemaonlorum.
1189 3153 1231 3227 In
1257 3155 1321 3228 hoc

311 3292 424 3358 monte
443 3290 523 3358 suut
544 3309 712 3362 concavae
737 3296 774 3362 et
795 3311 960 3364 cavernae
980 3289 1041 3361 sub
1060 3288 1165 3360 ruinis
1185 3309 1322 3379 magno·

245 3470 249 3480 .
311 3441 387 3491 rum
414 3419 658 3514 aedificiorum,
694 3425 815 3514 quihus
847 3423 985 3496 latitant
1018 3423 1134 3496 leones
1168 3427 1205 3494 et
1238 3423 1322 3495 aliae

311 3551 452 3627 hestiae.
498 3555 536 3626 In
558 3554 725 3628 descensu
753 3558 827 3651 eJus
855 3561 910 3629 est
930 3557 1060 3648 capella
1087 3561 1209 3630 contra
1236 3557 1322 3629 ocei-

312 3684 467 3779 deutem,
495 3689 554 3760 ubi
581 3689 745 3764 Dominus
773 3690 871 3762 dixit:
905 3688 1050 3765 Nemini
1076 3689 1241 3766 diceretis
1272 3689 1320 3760 oi·
