2782 4290
195 421 237 486 26

196 605 249 674 est
285 622 372 671 nunc
414 599 655 670 monasterium
697 599 952 687 monachorum,
990 604 1026 669 et
1069 599 1209 669 ecclesia

193 734 339 804 Domino
373 737 568 804 consecrata
602 737 638 802 nt
673 731 775 804 Moisi
811 737 845 803 et
882 731 1013 803 Heliae.
1071 731 1120 802 nt
1158 731 1205 801 illi

196 869 285 939 cives
332 866 505 936 nomimant
550 865 643 935 ilium
687 867 795 937 locum
843 863 919 952 Age
976 885 1081 936 mons.
1134 863 1207 934 lllic

194 1000 344 1071 orabant.
426 1062 431 1069 .

193 1316 277 1384 xlv.
318 1314 479 1394 Tiberias,
511 1313 708 1397 magdalum,
747 1310 981 1394 capharnaum,
1020 1313 1202 1390 Bethsaida,

611 1417 794 1485 Ghnrozain.

272 1665 321 1736 Et
357 1665 435 1737 inde
473 1665 661 1756 pergebant
695 1664 737 1735 ad
777 1664 910 1753 urbem,
952 1685 1038 1754 quae
1079 1665 1206 1735 dicitur

193 1799 444 1871 Tiberiadis.
488 1798 550 1869 Ilia
570 1782 637 1870 stat
650 1799 683 1868 in
698 1799 811 1870 littore
827 1799 937 1888 maris,
967 1798 1024 1869 ubi
1040 1798 1206 1869 Dominus
1239 1807 1242 1811 ’

192 1933 488 2022 superambulabat
523 1933 619 2004 siccis
657 1933 815 2022 pedibus,
858 1935 894 2002 et
921 1931 1059 2020 Petrus,
1103 1953 1205 2022 super

192 2067 297 2138 undas
334 2066 505 2139 ambulans
533 2066 577 2138 ad
605 2088 692 2154 eum,
723 2066 894 2137 demersus
928 2068 993 2140 est.
1048 2066 1096 2136 lbi
1124 2073 1203 2137 sunt

191 2201 317 2273 multae
359 2200 522 2273 ecclesiae
563 2206 598 2273 et
638 2219 809 2290 synagoga
830 2199 1048 2290 judaeorum3
1077 2199 1138 2271 sed
1167 2205 1203 2271 et

191 2355 333 2423 magnus
372 2335 480 2405 homar
516 2334 689 2406 domimica.
757 2332 806 2403 lbi
846 2331 982 2404 fuerunt
1014 2332 1204 2422 aliquantos

193 2467 273 2557 dies
303 2473 338 2540 et
364 2468 411 2539 ibi
425 2467 582 2539 Jordanis
610 2467 729 2538 transit
757 2487 819 2554 per
846 2467 992 2537 medium
1021 2488 1125 2538 mare.
1156 2467 1204 2539 nt

191 2601 269 2672 inde
299 2600 394 2670 ibant
424 2600 512 2671 cirea
539 2621 631 2672 mare
661 2605 695 2671 et
729 2599 921 2690 pergebant
948 2621 1041 2672 secus
1068 2601 1204 2673 vicum

193 2733 480 2824 Magdalenae.
518 2732 567 2803 Et
596 2733 775 2805 veniebant
801 2734 845 2804 ad
873 2734 969 2805 iilum
997 2736 1106 2807 vicum
1134 2733 1203 2806 Ga-

191 2869 437 2958 pharnaum,
467 2867 524 2938 ubi
540 2867 702 2940 Dominus
714 2869 876 2958 principis
890 2869 992 2939 filiam
1019 2870 1202 2964 suscitavit,

191 3001 248 3072 ubi
274 3000 337 3072 fuit
364 3001 481 3072 domus
509 3006 544 3073 et
570 3023 685 3073 murus
712 3023 862 3091 magnus.
910 3001 959 3073 Et
973 3002 1019 3073 sic
1046 3002 1204 3074 dixerunt

192 3134 240 3206 ilii
268 3135 427 3224 homines,
458 3136 547 3224 quod
561 3135 761 3208 Zebedaeus
788 3156 863 3207 cum
877 3135 954 3207 filiis
968 3135 1034 3207 suis
1048 3135 1203 3207 Johaune

193 3274 230 3342 et
256 3268 386 3341 Jacnbo
422 3269 468 3340 ibi
505 3269 630 3341 fueriint
665 3269 831 3340 collocati.
888 3269 937 3340 Et
969 3269 1047 3340 inde
1080 3291 1203 3360 perge-

79 3396 82 3401 ’
193 3402 275 3474 hant
302 3402 346 3474 ad
372 3402 656 3476 Bethsaidam:
686 3403 765 3474 iude
793 3410 889 3476 erant
915 3403 1037 3476 Petrus
1065 3408 1101 3474 et
1128 3404 1201 3474 An·

192 3511 301 3606 dunas.
338 3535 388 3608 lbi
417 3540 468 3608 est
494 3557 582 3608 nunc
609 3536 760 3626 ecclesia,
790 3537 846 3610 uhi
873 3538 965 3628 prius
980 3542 1054 3609 erat
1081 3538 1200 3611 domus

12 3643 15 3651 ¹
118 3641 120 3647 ¹
187 3667 329 3742 iliorum.
385 3668 433 3741 nt
469 3669 538 3740 illic
565 3674 739 3742 manentes
767 3690 866 3742 unam
903 3676 1051 3760 noctem,
1097 3691 1197 3743 mane
