2782 4290
1168 369 1210 436 95

194 550 331 622 sionis
370 547 537 619 Domini
578 547 622 618 ad
662 550 804 638 patrem.
866 546 1022 650 Habetur
1061 549 1106 621 ibi
1148 572 1210 622 er-

193 683 325 756 clesia
352 683 498 754 rotunda
525 682 596 752 siue
624 685 727 771 tecto,
756 681 791 751 in
806 681 900 773 cujus
924 682 1048 774 medio,
1076 683 1140 755 hoc
1156 689 1209 757 est

193 817 229 887 in
256 816 334 888 loco
362 816 563 888 ascensionis
575 814 719 904 Domini,
749 814 897 887 habetur
912 815 1022 887 altare
1049 818 1207 891 subdivo

136 919 139 923 ¹
191 957 323 1043 patens,
353 951 386 1021 in
416 971 481 1040 quo
508 949 725 1021 celebrantur
758 949 932 1020 sollemnia
958 952 1145 1024 missarum.

187 1166 189 1171 y
276 1088 337 1156 15.
374 1083 457 1154 Inde
497 1082 710 1155 transivimus
750 1083 795 1153 ad
820 1082 1079 1176 Bethaniam,
1121 1109 1206 1177 quae

192 1225 246 1290 est
275 1218 320 1289 ad
347 1218 531 1305 meridiem,
569 1217 695 1287 distans
729 1237 751 1286 a
784 1223 896 1288 monte
913 1215 1040 1290 Oliveti
1052 1220 1206 1292 milliario

191 1375 274 1443 uno,
304 1354 339 1423 in
372 1352 536 1423 descensu
563 1351 667 1440 ipsius
693 1351 827 1421 montis.
862 1350 901 1421 ln
929 1373 996 1441 quo
1013 1359 1064 1424 est
1076 1377 1206 1453 monas·

190 1491 331 1576 terium,
371 1487 467 1575 cujus
506 1484 695 1555 ecclesia
729 1485 1003 1573 sepulchrum
1041 1494 1207 1561 monstrat

189 1622 358 1694 Lazari:
387 1621 485 1712 juxta
517 1617 608 1709 quod
637 1624 687 1689 est
712 1618 840 1708 piscina
868 1595 909 1690 ad
937 1622 1141 1711 aquilonem,
1171 1625 1203 1695 in

189 1777 257 1847 qua
287 1756 383 1845 jussu
417 1753 550 1825 Domini
583 1752 668 1823 lavit
701 1774 737 1834 se
772 1754 844 1841 ipse
878 1753 1028 1825 Lazarus
1062 1757 1205 1831 resusci-

190 1894 300 1978 tatus,
345 1889 403 1978 qui
440 1887 563 1958 dicitur
600 1890 721 1976 postea
762 1887 925 1958 exst'tisse
963 1888 1136 1981 episcopus
1170 1891 1203 1959 in

189 2023 332 2113 Epheso
366 2022 428 2094 XL
460 2021 565 2093 annio.
621 2022 658 2090 ln
687 2020 847 2091 descensu
881 2021 981 2091 etiam
1018 2021 1060 2092 de
1087 2026 1204 2094 monte

191 2154 318 2229 Ohueti
346 2157 390 2228 ad
419 2155 658 2228 occidentalem
685 2154 820 2245 plagam
836 2155 1030 2225 ostenditur
1044 2177 1202 2246 mmmm,

190 2292 233 2362 de
271 2313 337 2382 quo
375 2290 547 2363 descendit
574 2288 739 2359 Dominus
776 2309 878 2378 super
913 2289 1040 2379 pullum
1077 2290 1204 2362 asinae.

189 2426 282 2498 Inter
322 2427 406 2497 haec
443 2425 485 2496 ad
512 2423 704 2512 meridiem,
741 2423 774 2492 in
809 2422 897 2493 valle
930 2394 1113 2515 Josaphat,
1153 2429 1204 2496 est

189 2560 413 2631 natatoria
439 2558 562 2631 Siloe.

275 2697 335 2764 16.
370 2691 425 2764 Ab
438 2692 630 2765 Jerusalem
647 2689 859 2761 transivimus
877 2689 921 2760 ad
937 2689 1200 2764 Bethlehem.

187 2830 220 2901 A
255 2828 333 2899 loco
361 2827 545 2899 nativitatis
572 2824 724 2913 Domini,
765 2823 820 2914 qui
853 2823 918 2893 luit
946 2823 1003 2895 Vl.
1030 2826 1198 2915 milliario,

189 2968 344 3036 ostensus
372 2964 425 3031 est
453 2979 628 3049 campus,
657 2959 692 3028 iu
721 2979 787 3048 quo
802 2957 1200 3049 laborabatHahacuc,

187 3097 324 3188 quando
352 3095 491 3183 angelus
512 3092 647 3164 Domini
670 3091 772 3184 jussit
801 3112 876 3162 eum
902 3093 1080 3182 prandium
1106 3093 1198 3166 ferre

186 3231 322 3302 Danieli
347 3230 382 3300 in
409 3226 626 3317 Babylonem,
657 3247 742 3316 quae
777 3230 830 3297 est
855 3226 900 3297 ad
926 3226 1112 3316 meridiem,
1142 3227 1199 3298 ubi

186 3365 344 3456 regnavit
371 3360 697 3435 Nabuchodonosor:
727 3379 827 3447 quam
855 3382 944 3432 nunc
971 3364 1145 3449 serpentes
1159 3380 1199 3429 ac

155 3493 157 3497 ’
187 3499 317 3571 bestiae
345 3496 546 3569 inhabitant.
602 3492 804 3565 Bethlehem
832 3515 915 3582 ergo
942 3493 1045 3564 hahet
1072 3493 1200 3566 ecclo-

185 3633 290 3705 siam
318 3630 419 3704 valde
446 3649 600 3718 magnam
628 3626 807 3697 inhonore
824 3632 997 3698 sanctae
1024 3625 1198 3720 Mariae,
