2782 4290
279 400 344 481 nec

252 554 255 559 ’
280 577 377 668 regis
400 571 584 646 h'cncrifiee
610 570 655 644 cd
678 569 887 644 efferendum
911 573 1129 661 ornaverunt,
1160 573 1196 643 et
1216 570 1297 643 dici-

281 719 350 802 tur,
374 708 464 802 quod
490 706 529 778 in
558 704 678 777 eadem
706 674 889 777 cisterna
916 703 1042 794 stella
1069 704 1294 797 disparuit.

281 843 414 927 Deinde
442 838 657 932 descenditur
684 859 748 929 per
779 842 824 910 16
855 838 979 928 gradus
1007 837 1049 909 ud
1077 838 1327 931 capellan.

284 997 370 1070 quae
398 978 450 1049 est
476 973 538 1046 sub
567 971 687 1060 choro,
713 971 751 1063 din
780 992 846 1063 quc
872 976 999 1043 nutus
1027 976 1078 1044 est
1104 972 1297 1058 salvator

283 1109 408 1199 mundi.
464 1074 591 1194 ibidem
619 1110 671 1194 est
697 1093 805 1178 altare
833 1125 853 1175 a
879 1105 1037 1212 sinistris,
1078 1126 1154 1194 cum
1184 1106 1296 1196 ingre·

284 1245 383 1334 ditur,
413 1262 434 1313 a
461 1261 526 1331 quc
554 1259 618 1329 per
644 1243 775 1328 septem
801 1239 906 1330 pedes
933 1242 970 1310 et
994 1242 1069 1328 tres
1091 1240 1216 1328 gradus
1244 1244 1296 1325 est

282 1379 374 1463 locus
402 1375 463 1446 sub
491 1393 588 1464 rupe,
617 1374 677 1445 ubi
704 1393 791 1465 puer
810 1372 936 1460 Jesus
962 1371 1145 1459 reclinatus
1171 1373 1236 1447 fuit
1260 1374 1296 1459 in

283 1507 551 1603 praesepium
579 1511 616 1591 et
640 1507 689 1579 ibi
704 1528 725 1578 a
741 1507 847 1596 magis
867 1512 1048 1580 veneratus
1076 1512 1111 1581 et
1127 1528 1159 1592 ,a
1185 1512 1298 1600 paste-

285 1641 566 1727 ribusadorctus.
602 1640 700 1732 Note,
719 1641 810 1733 quod
830 1640 894 1744 hcc
909 1640 1070 1732 templum
1095 1642 1130 1713 in
1150 1642 1263 1732 longit
1283 1685 1298 1696 -

285 1776 362 1855 dine
390 1775 431 1847 ab
458 1775 550 1862 intus
560 1773 677 1858 „habet
696 1777 743 1845 36
763 1794 882 1878 pessus
904 1774 1039 1866 pedum,
1067 1776 1102 1846 in
1121 1775 1299 1850 latitudine

286 1929 367 1995 vero
400 1910 457 1998 18,
489 1911 524 1978 et
550 1905 655 1978 habet
676 1913 819 1997 quatuor
844 1909 935 1998 rigas
957 1909 1195 1993 columnarum,
1210 1932 1298 1983 mur-

283 2062 496 2132 morecrum‚
513 2122 516 2127 ,
536 2040 808 2130 quaelibetriga
834 2042 939 2126 habet
960 2042 1209 2126 ‚l2columnus
1236 2067 1301 2136 per

289 2181 316 2260 7,
339 2175 444 2270 pedes
472 2175 634 2257 distantes
660 2195 766 2266 usque
794 2175 838 2246 cd
866 2176 1018 2248 chorum:
1056 2176 1144 2261 pmni
1171 2178 1298 2258 decore

283 2314 353 2393 tunn
373 2310 423 2391 ¹in
455 2309 665 2399 pavimento,
701 2329 801 2400 quain
840 2309 874 2381 in
914 2309 1100 2401 parietibus
1126 2309 1300 2404 fulcitum,

284 2447 376 2517 tectu
401 2441 574 2533 plumbeo¹
589 2447 797 2533 conpertum,
826 2443 1063 2545 genealogium
1084 2443 1211 2537 Ohnisti
1238 2468 1301 2539 per

286 2575 417 2667 lapides
444 2575 585 2662 musivis
613 2597 747 2648 sursum
764 2596 787 2659 a
802 2576 908 2660 lutere
929 2578 1058 2668 dextro,
1086 2600 1161 2651 cum
1188 2581 1302 2670 ingre·

288 2707 391 2798 ditur,
420 2708 549 2780 hebens
578 2711 782 2801 ecnpictam3
809 2708 935 2811 biscres
964 2712 1039 2804 ejus
1067 2711 1110 2785 de
1138 2733 1301 2804 cypresso

285 2841 386 2925 puiis
413 2841 569 2925 nncdulis
607 2843 750 2932 incisae,
783 2844 938 2931 ¹parietes
972 2845 1186 2926 cellctenules
1221 2851 1302 2922 sub·

286 2973 378 3057 ducti
406 2975 633 3055 sunt··tabulis
660 2977 877 3067 marmoreis,
915 2997 1000 3068 quae
1029 2978 1119 3072 (per)
1147 2982 1300 3072 perfidos

286 3124 485 3206 saincoenns
514 3109 728 3199 auferuntur,
753 3114 794 3193 ,et
822 3115 876 3183 est
903 3111 1070 3203 mirabile,
1101 3113 1200 3203 quod,
1221 3137 1300 3190 con-

285 3241 363 3330 tigit
401 3239 518 3314 eadem
551 3241 586 3311 in
622 3244 797 3324 ecclesia„
829 3243 928 3340 *Nam
956 3244 1092 3335 quidem
1125 3248 1298 3342 soldanus,

263 3373 586 3457 ‘mirifice-cennens
603 3374 677 3467 ejus
692 3377 907 3468 tabulamina‚
924 3379 1150 3469 cogitavitea
1163 3383 1298 3462 auferre

286 3511 321 3581 et
351 3506 514 3611 palatium
541 3529 622 3580 suae
650 3510 833 3589 mensionis
861 3513 896 3582 in
923 3512 1027 3584 Kaine
1060 3535 1129 3604 per,
1152 3537 1194 3588 eu
1222 3519 1297 3593 sun

287 3638 410 3712 ducere
432 3644 467 3712 et
487 3661 616 3715 ornere.
651 3643 801 3719 Veniens
816 3645 919 3732 igitur
939 3646 994 3718 die
1007 3650 1138 3722 statute
1156 3671 1295 3725 unacum
