2782 4290
291 434 354 498 118

290 613 549 703 intromitteret,
596 613 674 702 quia
716 613 769 684 111
811 611 1008 700 sanguinum
1049 617 1133 683 orat.
1202 613 1298 702 Ergo

291 769 374 839 quas
409 745 451 816 ad
489 745 554 815 hoc
591 751 856 835 praeparaverat
891 766 1069 837 expensae,
1113 745 1296 837 Salomoni,

225 906 234 915 ·
290 881 358 953 lilio
395 901 480 970 suo,.
516 879 568 949 cui
604 900 626 949 a
661 864 806 950 Domino
843 878 1108 970 concedebatur,
1145 881 1297 975 tradidit,

217 993 219 997 ⁵
291 1020 456 1108 quatenus
483 1012 561 1084 inde
588 1012 733 1083 Domino
761 1013 897 1085 domum
923 1017 1148 1088 construeret.

370 1148 419 1245 Et
460 1145 650 1218 aedificavit
689 1163 751 1217 rex
778 1146 935 1219 Salomon
977 1147 1012 1217 in
1048 1168 1129 1219 area
1155 1147 1299 1220 Domino

290 1283 469 1372 templum,
499 1279 627 1368 idest,
657 1277 796 1371 Bethel,
836 1284 872 1352 et
900 1281 1023 1370 altare,
1059 1281 1149 1371 quod
1176 1286 1214 1353 et
1241 1281 1299 1354 de·

291 1416 434 1487 dicavit
458 1414 707 1503 incomparabili
745 1418 872 1504 sumtu,
914 1418 1035 1504 petens
1078 1435 1098 1484 1
1137 1415 1297 1506 Domino,

293 1547 393 1639 quod,
423 1548 613 1637 quicunque
641 1547 683 1618 de
712 1569 908 1639 quocunque
946 1548 1137 1621 consuleret
1163 1551 1299 1622 eumin

292 1705 344 1772 eo,
375 1681 526 1751 exaudiri
553 1686 757 1774 mereretur,
787 1682 878 1774 quod
906 1703 1101 1754 eoncessum
1126 1682 1195 1754 fuit
1224 1685 1255 1756 ei
1282 1705 1302 1755 1
1356 1684 1359 1689 ’

290 1817 446 1889 Domino.
480 1815 574 1903 Ergo
603 1816 720 1888 domus
734 1815 872 1887 Domini
900 1816 1019 1888 domus
1045 1818 1184 1889 consilii.
1214 1819 1302 1890 Illud

291 1957 401 2024 autem
431 1954 549 2039 postea
575 1968 637 2042 pro
665 1950 909 2022 incontinentia
925 1951 1085 2041 principis
1113 1957 1148 2024 et
1174 1953 1300 2044 populi,

293 2087 366 2158 Deo
394 2084 564 2177 puniente,
595 2084 790 2174 exspoliavit
808 2082 1128 2156 Nebuchodonosor
1154 2107 1219 2175 per
1231 2085 1301 2158 Na-

237 2248 239 2252 ’
292 2220 484 2308 buzardam,
514 2218 701 2309 principem
728 2238 928 2309 eoquorum,
958 2222 1113 2308 tempore
1141 2217 1302 2292 Sedeziae

293 2356 393 2443 regis,
423 2354 596 2442 ipsumque
625 2352 795 2440 privatum
822 2351 866 2422 ab
884 2352 967 2423 urbe
996 2355 1182 2443 totumque,
1213 2355 1303 2445 quod

291 2488 482 2578 speciosum
499 2458 659 2572 'fulgebat
685 2486 719 2556 in
748 2485 832 2557 aede
860 2489 897 2557 et
924 2486 959 2555 in
974 2485 1068 2576 urbe,
1096 2487 1175 2573 tulit
1187 2487 1304 2579 jussit.

294 2640 358 2710 que
386 2618 449 2690 sibi
476 2618 509 2687 in
537 2616 710 2709 Babylone
737 2620 948 2710 praesentari
975 2619 1147 2710 populum.
1197 2620 1303 2694 Paulo

291 2759 370 2846 post
404 2752 539 2843 quidem
573 2752 705 2824 Pharao
738 2752 876 2825 Nechao
916 2754 1077 2845 templum
1109 2753 1236 2828 delevit
1268 2762 1303 2828 et

292 2889 421 2959 urbem.
464 2887 570 2958 Modo
598 2907 691 2976 vero,
721 2907 763 2958 ne
790 2888 933 2958 relatori
954 2888 1110 2960 videatur
1123 2889 1303 2962 absurdum

292 3022 502 3112 auditorique
515 3021 710 3110 taediosum,
731 3021 791 3093 sub
804 3006 924 3112 quibus
940 3027 974 3093 11
988 3022 1141 3113 aquibus
1155 3029 1303 3096 restruc-

289 3157 397 3229 tiones
415 3162 450 3227 et
468 3156 715 3228 destructiones
734 3156 842 3251 primi,
863 3156 1002 3228 secundi
1017 3163 1052 3229 et
1068 3158 1162 3230 tertii
1185 3159 1303 3248 templi

290 3292 502 3380 exstitertmt,
516 3310 723 3383 enumerare,
737 3290 803 3363 hoe
816 3290 858 3362 de
873 3292 1043 3383 praesenti
1055 3290 1191 3384 Bethel,
1204 3299 1304 3384 prout

292 3427 406 3498 verius
436 3411 568 3513 queam,
597 3425 669 3516 tibi,
699 3424 822 3497 dilecte
849 3427 911 3516 mi,
943 3425 1113 3498 elucidare
1143 3427 1301 3500 conabor.

293 3560 346 3631 De
362 3557 489 3630 Bethel
515 3579 609 3649 vero,
638 3559 700 3631 sub
725 3546 793 3649 'quo
822 3564 858 3630 et
886 3532 906 3631 1
935 3581 1000 3651 quo
1027 3560 1180 3652 principe
1208 3563 1305 3635 resti·

172 3724 176 3730 ·
294 3697 405 3765 tutum
432 3693 485 3782 sit,
513 3693 585 3765 lere
612 3694 797 3782 ignoratur.
838 3692 983 3783 Quidam
1010 3694 1098 3766 enim
1125 3698 1188 3770 sub
1212 3696 1303 3781 Gou-
