2782 4290
276 413 318 480 16

274 602 426 668 sanctum
453 596 694 685 Frigidianum.
750 595 801 668 lbi
829 596 1011 686 requiescit
1030 618 1152 688 corpus
1179 602 1286 690 patris

275 751 404 802 eorum.
460 727 710 819 Confestimque
737 728 797 818 illi,
826 737 1006 821 pergentes
1021 732 1206 821 usquedum
1221 755 1285 825 per

273 868 385 936 vastas
433 862 553 934 Italiac
599 861 752 952 tellureS,
796 863 977 952 perniciter
1017 884 1080 953 per
1132 887 1284 939 concava

272 996 418 1085 vallium,
448 1017 509 1087 per
536 995 680 1085 abrupta
706 996 883 1086 montium,
915 997 1105 1087 perplana
1132 1019 1284 1089 campes-

275 1131 388 1216 trium,
425 1128 469 1200 ad
502 1128 625 1199 arduas
652 1125 798 1218 Alpium
837 1150 931 1201 arces
968 1129 1160 1220 pedestrem
1187 1155 1282 1205 scan-

272 1263 382 1337 dendo
426 1283 578 1351 gressum
623 1261 812 1352 dirigebant
852 1264 886 1334 in
932 1263 1044 1335 altum.
1116 1264 1279 1358 Cumque,

270 1397 418 1468 lustratis
460 1396 598 1486 Alpium
643 1396 867 1468 cacuminibus
908 1397 1108 1488 glacialiqne
1152 1400 1282 1471 nivium

271 1529 430 1602 nebulosa
457 1527 636 1617 turbidine,
667 1528 743 1599 almi
760 1529 825 1601 Dei
853 1530 1054 1601 adminiculo
1072 1538 1280 1605 sanctorum-

272 1685 337 1755 que
382 1663 619 1751 sustentaculo,
667 1683 741 1734 cum
790 1669 986 1735 cunctorum
1042 1665 1279 1737 contribulium

272 1796 428 1869 clientela
469 1797 682 1887 omniumque
724 1796 928 1885 collegarum
975 1802 1074 1870 coetu
1120 1801 1184 1872 tuti
1217 1803 1277 1872 tot'

270 1929 416 2019 tumidas
427 1929 756 2003 militumevaserunt
769 1930 942 2019 versutias
955 1931 1100 2002 illustria
1108 1935 1278 2024 extemplo

270 2063 426 2136 adierunt
472 2062 593 2134 limioo
639 2064 842 2154 egregiaque
891 2062 1003 2153 Petri,
1053 2060 1281 2155 apostolorum

268 2198 440 2289 principis,
479 2196 653 2288 petierunt
687 2197 854 2288 praesidia
880 2198 1124 2288 immensasque
1151 2199 1275 2271 ibidem

268 2332 491 2422 omnipotenti
511 2331 584 2404 Deo
612 2352 651 2402 ac
678 2337 791 2419 gratas
803 2329 996 2402 referebant
1009 2331 1144 2420 gratias,
1175 2333 1274 2423 qnod,

234 2463 394 2552 magnis
423 2462 643 2536 'mansmeatis
685 2465 785 2535 maris
825 2463 1064 2536 discriminibus
1106 2465 1275 2555 variisque

265 2596 544 2685 peregrinationis
572 2601 788 2667 externorum
829 2597 1033 2688 ignominiis,
1074 2619 1136 2687 per
1164 2599 1276 2670 omnia

267 2729 421 2819 prosperi
463 2728 691 2800 scholasticam
731 2728 892 2800 scandere
924 2734 1123 2802 meruerunt
1151 2730 1277 2801 scalam

266 2867 303 2932 et
330 2861 536 2952 praeclaram
563 2860 657 2932 adiro
684 2861 788 2933 sancti
816 2860 914 2933 Petri
940 2844 1118 2934 basilicam.

516 3191 569 3260 IX.
605 3191 718 3277 Itoma3
749 3191 834 3260 febri
857 3193 1019 3263 laborant.

288 3456 289 3461 ,
326 3381 437 3454 Tunc
450 3383 498 3453 illi
511 3383 577 3454 duo
591 3382 752 3472 germani,
782 3383 829 3455 ibi
846 3388 1022 3456 manentes
1049 3405 1069 3454 a
1096 3382 1273 3457 nativitate

265 3516 370 3588 sancti
384 3515 523 3586 Martini
551 3535 658 3605 usque
686 3515 729 3585 ad
757 3515 857 3586 aliam
870 3517 1090 3587 solemnitatis
1102 3519 1269 3610 pascham,

264 3657 298 3721 et
324 3647 457 3720 interim
485 3648 565 3719 dum
592 3648 649 3718 illa
676 3647 788 3736 gelida
815 3647 1019 3738 frugalisque
1039 3649 1143 3721 hiems
1162 3654 1273 3722 trans-
