2782 4290
212 369 219 388 ⁸
304 414 367 482 112

302 598 487 688 praegnata
519 593 583 668 f‘t
616 595 768 686 angelico
796 595 954 686 alloquio.
1012 593 1086 668 Hoc
1112 595 1224 670 adhuc
1251 597 1312 670 ibi-

303 731 381 802 dem
408 727 595 803 ostenditur
622 730 655 801 in
682 730 760 802 loeo
789 729 959 819 distincto,
988 735 1025 804 ut
1052 750 1216 821 praesens
1244 730 1313 803 vidi

303 871 339 940 et
365 863 488 938 notavi.
546 863 673 955 Quamo
707 863 861 936 milliario
891 883 916 947 ¹a
944 861 1133 953 Nazareth,
1164 863 1311 938 secundo

303 1020 324 1072 a
352 998 517 1091 Sepphori
544 995 653 1071 Cana
681 995 903 1069 Galilaeae
930 997 1170 1088 adorientem,
1200 1020 1223 1071 a
1250 1019 1316 1090 qua

304 1132 479 1224 Philippus
513 1137 546 1203 et
572 1130 778 1204 Nathanael:
814 1131 848 1202 in
883 1150 948 1220 qua
980 1151 1066 1222 puer
1091 1128 1209 1222 Jesus,
1240 1153 1316 1204 eum

304 1271 412 1339 matre
440 1285 501 1338 sua
528 1264 737 1338 discumbens
763 1265 797 1335 in
825 1264 963 1355 nuptiis,
999 1284 1119 1356 aquam
1148 1267 1323 1338 convertit

306 1402 340 1471 in
367 1401 491 1474 vinum.

385 1531 511 1623 Quarto
546 1531 701 1605 milliario
735 1552 755 1602 a
788 1530 962 1604 Nazareth
1000 1537 1116 1604 contra
1151 1534 1315 1606 orientem

307 1687 401 1737 mons
428 1666 574 1754 Tabor,
606 1668 639 1735 in
667 1684 732 1756 quo
760 1663 1010 1755 transfiguravit
1037 1686 1074 1737 se
1101 1664 1202 1738 Jesus
1233 1686 1316 1755 apo-

307 1801 406 1872 stolis
433 1799 503 1872 suis
530 1798 778 1890 praesentibus,
808 1798 935 1871 scilicet
961 1798 1068 1870 Petro
1096 1803 1133 1871 et
1159 1798 1315 1870 Johanne

308 1939 343 2005 et
369 1933 516 2024 Jacobo,
552 1952 662 2005 coram
696 1951 831 2022 quoque
864 1929 985 2021 Moyse
1020 1937 1055 2002 et
1088 1931 1183 2004 Elia:
1227 1931 1315 2023 quod

306 2064 432 2137 festum
465 2064 708 2156 Hierosolymis
740 2065 934 2137 solemniter
966 2063 1159 2137 celebratur
1192 2065 1226 2135 in
1263 2065 1316 2136 die

307 2199 412 2272 sancti
439 2197 524 2271 Sinti
553 2204 588 2270 et
614 2197 756 2271 maxime
784 2218 805 2270 a
832 2198 983 2287 surianis,
1013 2219 1087 2270 cum
1116 2203 1150 2274 et
1177 2196 1224 2269 ihi
1254 2218 1317 2270 vox

308 2334 416 2422 patris
444 2332 558 2405 audita
586 2337 653 2407 est:
689 2328 761 2403 Hic
787 2335 837 2403 est
859 2328 956 2418 filiae
981 2352 1076 2403 lacos
1089 2331 1235 2404 dilectus
1250 2336 1316 2405 ete.

307 2464 374 2556 Qui
403 2441 505 2537 etiam
534 2464 636 2536 Petro
664 2471 699 2538 et
725 2463 872 2536 Johanni
901 2469 938 2536 et
964 2463 1094 2537 Jacobo
1116 2465 1233 2555 vetuit,
1263 2484 1315 2554 ne,

308 2597 396 2687 quod
424 2596 588 2687 viderant,
619 2597 717 2669 alicui
745 2580 954 2688 revelarent,
990 2597 1098 2670 donec
1125 2618 1147 2670 a
1174 2599 1318 2683 mortuis

307 2728 394 2801 filius
421 2728 562 2801 hominis
589 2737 796 2819 resurgeret.
835 2731 887 2803 lbi
914 2731 1037 2805 Petrus
1065 2731 1130 2803 ait:
1158 2728 1316 2821 Domine,

212 2844 216 2851 ⁴
307 2842 431 2934 honum
465 2867 514 2940 cst
546 2885 609 2935 nos
642 2862 697 2937 laic
730 2885 802 2936 esse
829 2869 892 2936 etc.
932 2862 1088 2936 Secundo
1115 2865 1319 2939 milliarios

308 2995 419 3066 Tabor
452 3000 568 3069 contra
603 2998 768 3070 orientem
794 3018 891 3069 mons
918 2996 1111 3070 Hermon.
1169 2999 1209 3069 In
1244 2997 1318 3073 des·
1349 3012 1352 3017 '

308 3149 408 3202 censu
441 3129 552 3228 Tabor
585 3130 707 3202 montis
741 3129 891 3202 obviarit
917 3128 1078 3203 Abrahae
1110 3129 1315 3203 redeuntia

307 3261 410 3334 caede
438 3261 604 3335 Amalech
632 3263 784 3334 dominus
797 3262 1061 3353 Melchisedech,
1092 3263 1312 3354 quiessem,

308 3395 394 3467 lilius
421 3394 512 3486 Noe,
548 3394 702 3467 sacerdos
736 3403 771 3467 et
797 3417 857 3467 rex
884 3395 1010 3486 Salem,
1039 3402 1260 3487 praesentans
1286 3395 1316 3467 ei

307 3549 428 3618 panem
455 3532 492 3598 et
520 3529 649 3617 vinum,
686 3528 776 3618 quod
810 3528 932 3618 figurat
963 3529 1074 3602 altare
1101 3525 1228 3602 Christi
1255 3528 1313 3600 sub

308 3661 428 3748 gratia.
