2782 4290
1047 305 1213 426 Ι75

192 543 358 636 procul,
388 542 491 635 quael
518 541 676 634 capulam
709 542 799 616 coelo
826 543 1006 615 dimissum
1033 539 1211 634 recipiens,

194 680 350 771 malbosc
378 676 502 768 affectu
529 677 754 769 amplectitur,
787 676 987 768 dipalesime
1020 681 1212 748 acueretur.

284 816 344 884 18.
391 809 582 899 Nollficulu
624 811 688 883 sibl
735 811 857 884 dehinc
900 809 1086 883 vocationis
1129 831 1213 882 alme

198 967 320 1034 muso,
348 945 483 1036 ropuoll
508 950 664 1017 seudum
697 942 951 1032 Wllllbululum,
983 947 1028 1020 ,ut
1054 943 1213 1034 dipaetar
1300 999 1301 1004 ,

199 1080 252 1152 irc
281 1084 313 1151 et
340 1079 459 1169 locum
491 1079 547 1152 cul
567 1079 715 1170 praesul
729 1076 1066 1171 praepoumducoa't
1086 1077 1212 1150 uidere.

195 1184 286 1284 'Erat
313 1212 420 1302 igitur
447 1213 557 1286 eidem
585 1211 839 1304 archiepiscopo
872 1213 908 1285 in
941 1212 1063 1285 finibus
1089 1213 1211 1285 Baio-

198 1346 318 1419 arioe
345 1346 450 1438 locus,
478 1345 662 1419 Eihstad
689 1345 815 1437 dictus,
844 1346 906 1419 sibi
934 1369 956 1418 a
983 1345 1129 1439 quodam
1155 1348 1211 1438 pio

199 1486 234 1552 et
260 1480 435 1571 religioso,
463 1481 599 1552 nomine
621 1477 774 1570 Suigero,
803 1501 867 1570 pro
894 1480 1028 1554 divinae
1055 1487 1212 1573 respectu

197 1614 481 1690 renumerationis
507 1617 542 1688 iu
568 1636 648 1688 usus
675 1591 804 1687 hivinos
831 1614 986 1687 traditus.
1042 1612 1121 1688 Hoc
1147 1615 1211 1706 tpt
1292 1599 1301 1616 ’

197 1751 255 1818 tur
288 1746 361 1820 loeo
400 1748 514 1822 adlato
546 1770 630 1823 cuae
656 1747 845 1840 parochiae
881 1747 1029 1837 subJ'ecto
1062 1747 1211 1822 emeat

195 1902 223 1952 s.
261 1876 472 1971 Bouifociao
505 1883 738 1975 episcopatum
775 1881 891 1971 facere
924 1881 1021 1974 elque
1055 1887 1210 1956 saeuum

201 2011 440 2088 Willlbeldum
460 2015 662 2107 praeficere.
706 2015 793 2107 Ioll,
824 2014 928 2104 uidit,
955 2015 1127 2106 probarit,
1155 2039 1210 2090 re-

195 2167 380 2242 versusque
415 2151 460 2224 ad
492 2157 643 2224 sanetum
676 2149 899 2240 Boniiacium,
937 2169 978 2220 eo
1013 2150 1209 2243 comitante,

193 2281 306 2354 denuo
332 2255 444 2356 locum
471 2307 567 2359 suum
593 2285 676 2358 adiit
704 2289 741 2356 et
767 2282 1025 2376 presbyteratus
1057 2283 1104 2354 ibi
1130 2303 1209 2374 gra-

194 2415 290 2506 dum,
331 2417 587 2512 archiepiscopo
628 2422 862 2506 consecrante,
909 2415 1062 2507 peiiecit.
1133 2415 1208 2490 Nee

190 2571 303 2641 mora,
340 2537 502 2625 ecclesiae
533 2553 762 2643 fundamento
795 2550 903 2642 eoepit
922 2572 1065 2641 ponere,
1094 2551 1207 2626 claus-

190 2687 282 2756 trum
310 2688 342 2756 el
368 2683 530 2776 officiatus
558 2686 641 2760 cleri
668 2688 807 2777 olpaare
834 2683 1043 2776 elqucellbel
1069 2686 1208 2760 dluluoc

189 2818 388 2891 aeceoaorlo
415 2820 571 2894 seruituti
597 2819 769 2911 capaciter
795 2818 987 2910 dispellere.
1037 2818 1207 2893 Revoluto

192 2951 314 3024 abhinc
327 2972 425 3043 anno,
456 2953 743 3045 archiepiscopum
764 2952 799 3024 in
818 2951 1029 3042 Turingia
1056 2954 1204 3045 audiens,

190 3085 369 3158 tolerabile
402 3086 584 3178 hospitium
617 3087 737 3159 habuit
770 3087 805 3159 in
839 3087 911 3177 via,
948 3088 1040 3177 apud
1067 3086 1206 3161 fratrem

189 3218 449 3310 Wunebaldum‚
488 3225 611 3292 octavo
639 3220 867 3310 semisomno,
897 3225 1079 3312 postquam
1114 3221 1205 3313 apud

189 3352 331 3425 Romam
360 3353 554 3445 discessere,
585 3375 650 3426 non
678 3354 799 3425 visum.
839 3353 928 3425 Hinc
958 3353 1001 3426 ad
1022 3355 1205 3444 archiepis-

185 3507 307 3578 copum
334 3508 431 3560 suum
458 3487 548 3580 apud
575 3488 693 3562 urbem
713 3485 968 3578 Saltaburge
996 3488 1102 3578 venit,
1133 3488 1201 3580 ubi,

186 3619 375 3713 confluente
417 3619 608 3694 amurcam
649 3620 804 3714 callepio,
853 3619 1076 3697 coasealleatc
1122 3620 1207 3695 cleri
