2782 4290
1072 364 1117 433 78'

100 572 209 623 anam
235 571 278 622 ea
303 549 495 622 statuendis
522 548 772 641 episcopatibus
798 548 879 620 oetit
898 548 1112 637 committere,

99 687 133 756 si
159 684 235 776 ipse
260 684 419 756 damiam
439 705 540 774 papa
573 707 649 756 enm
674 683 879 756 monasterio
906 682 1114 754 subtractam

99 818 166 890 sibi
194 823 289 890 earet
315 817 554 889 transmittere.
591 816 759 906 Praefnit
784 820 864 888 tane
890 815 965 888 sedi
981 821 1115 906 aposto-

99 951 189 1024 tiaae
239 949 426 1042 Greporim
464 951 617 1039 maedam
653 951 802 1023 nominis
840 949 977 1038 tertias,
1013 971 1115 1040 papa

98 1107 180 1157 aero
226 1085 468 1176 nonapesimns
507 1085 656 1175 primas.
731 1083 819 1173 Hie,
868 1084 987 1155 andito
1044 1090 1116 1156 tam

104 1218 278 1291 laudabili
311 1217 582 1308 archipraesulis
615 1218 796 1308 Bonifaeii
834 1218 1004 1290 desiderio
1032 1240 1118 1309 pro-

96 1353 231 1443 posito,
275 1354 352 1441 ejns
384 1353 602 1425 intentionem
633 1353 809 1444 probavit,
851 1353 963 1424 sanati
1002 1358 1116 1425 trans·

99 1486 296 1558 missionem
315 1484 507 1559 Wmtoame
534 1487 703 1581 praemisit,
733 1492 764 1558 et
791 1485 901 1576 tanais
917 1485 1027 1575 fotam
1043 1507 1117 1559 anr-

100 1619 271 1715 prendas,
299 1620 400 1715 pleno
427 1620 631 1711 sinpnttiims
657 1620 799 1692 dimisit.

105 1736 107 1743 ⁴
189 1758 250 1828 17.
284 1753 356 1826 Neo
376 1755 513 1844 longum
526 1759 685 1844 posteos.
702 1753 924 1845 willibaldus,
952 1755 1117 1828 decennio

99 1890 173 1980 jam
201 1889 293 1981 apud
308 1888 464 1962 Casinum
490 1892 643 1960 montem
669 1888 819 1979 impleto,
848 1888 1016 1961 Romam
1043 1908 1117 1960 oum

105 2022 251 2112 quodam
280 2022 447 2095 confratre
475 2042 548 2112 suo,
577 2041 704 2112 genere
732 2021 886 2112 hispano,
915 2042 956 2092 ex
982 2022 1119 2093 lieentia

105 2155 237 2228 abbatis
263 2158 315 2229 sui
333 2155 534 2229 Petronacis
562 2154 655 2227 adiit.
694 2153 798 2246 Cujus
825 2155 941 2226 audito
957 2154 1118 2246 adventu,

104 2290 226 2361 beatus
258 2308 347 2381 popa
382 2309 457 2360 enm
484 2289 620 2361 vocavit
648 2293 693 2378 et
722 2293 802 2378 post
829 2289 953 2360 multas
981 2288 1119 2379 inquisi-

103 2425 214 2496 tiones
243 2427 280 2494 et
306 2442 482 2514 responsa,
526 2423 558 2494 ei
594 2422 698 2494 saneti
732 2423 932 2512 petitionem
961 2417 1119 2518 (petitio)
1157 2430 1161 2438 '

101 2555 265 2628 Bonifatii
291 2555 446 2628 innotuit.
490 2556 531 2628 Id
558 2555 684 2626 doram
712 2561 746 2627 et
774 2557 969 2648 propositae
985 2562 1120 2630 contra-

104 2691 193 2762 rium
220 2690 311 2763 vitae
339 2695 472 2762 sanetus
486 2689 699 2762 Willibaldus
726 2694 897 2781 reputans,
925 2691 1051 2781 intulit,
1071 2712 1118 2781 se,

103 2825 164 2915 qni
192 2824 340 2918 propria
367 2823 508 2914 dimisit,
538 2822 790 2914 animandum
816 2823 961 2917 pedibas
978 2824 1118 2914 snbepit,

103 2980 175 3030 non
208 2978 310 3052 posse
342 2978 466 3029 rarsns
498 2957 686 3030 mundanis
719 2958 867 3049 irretiri,
902 2980 964 3030 neo
997 2958 1119 3049 qaiete,

101 3113 208 3185 qnam
234 3092 272 3163 in
298 3090 390 3162 oatte
417 3091 646 3163 lacrimarum
672 3091 738 3162 sibi
764 3092 915 3185 pararit,
944 3091 1028 3163 nette
1046 3091 1120 3186 pri·

101 3247 205 3315 aare,
241 3246 303 3297 nee
330 3245 403 3297 esse
428 3224 568 3319 providi
595 3228 627 3295 et
652 3230 762 3296 mente
788 3225 929 3315 intepri,
958 3231 1010 3320 at,
1044 3228 1122 3317 post

101 3359 276 3433 horrenda
308 3357 501 3450 nanfrapia
536 3363 639 3453 porta
664 3364 836 3452 oeenpato,
865 3381 917 3448 se,
946 3357 1120 3430 titubanti—

100 3493 162 3588 tms
198 3492 314 3566 adino
340 3492 510 3583 oestipiis,
545 3514 686 3564 saeoam
712 3491 951 3588 praetendenti
980 3495 1120 3562 mortem

101 3626 222 3700 erma
248 3625 380 3721 pelope.
434 3623 496 3698 Ad
523 3648 622 3719 qoem
647 3649 746 3724 papa
772 3626 827 3698 iiis
852 3623 906 3697 oet
924 3623 1122 3715 injosmodi
