2782 4290
275 372 341 438 264

279 561 399 638 tudine
432 558 499 631 duo
531 552 689 626 milliaria
720 554 791 630 siue
824 555 970 629 sedecim
1004 548 1128 643 stadia,
1169 551 1289 627 fertilis

279 704 348 772 tam
375 689 526 781 magnis,
556 705 656 778 quam
684 685 719 757 in
745 688 861 761 hortis.
897 688 975 781 Ipsa
1001 686 1091 761 enim
1118 706 1289 778 nunquam

225 885 227 890 -
279 831 345 905 tuit
374 828 416 899 de
444 823 551 896 Terra
577 820 714 909 Sancta,
752 841 814 892 neo
841 842 861 892 a
888 821 964 895 filiis
991 820 1098 914 Israel
1124 840 1287 913 possessa,

278 967 360 1038 lieet
393 957 495 1034 tribui
525 953 615 1027 Aser
652 954 688 1024 in
721 953 951 1029 distributione
984 955 1112 1029 Terrae
1147 953 1288 1030 Sanctae

279 1098 384 1172 fuerit
410 1092 589 1180 assignata.
645 1086 726 1159 Fuit
753 1088 842 1159 enim
868 1110 935 1161 nna
962 1090 1004 1162 de
1032 1088 1179 1181 quinque
1206 1088 1289 1162 eivi-

220 1282 221 1287 Ν
281 1232 406 1306 tatibus
432 1223 688 1318 philistinorum,
714 1221 813 1313 Juxta
838 1243 932 1296 mare
959 1223 1036 1314 sita,
1071 1221 1163 1294 eirca
1192 1243 1291 1315 quam

279 1337 420 1454 angelus
439 1355 585 1446 Domini,
608 1355 783 1428 inveniens
802 1354 945 1430 Abaouk
971 1359 1165 1449 portantem
1192 1377 1293 1447 prau-
1376 1451 1382 1461 ι

279 1497 372 1570 dium
397 1489 615 1581 messoribus,
645 1488 726 1559 tulit
752 1489 861 1581 ipsum
886 1490 921 1561 iu
948 1487 1176 1584 Babylonem,
1205 1491 1291 1565 sium
1344 1461 1348 1466 ¹

279 1629 404 1721 legitur
430 1622 582 1699 Danielis
612 1623 671 1692 14.
728 1620 861 1695 Eodem
887 1622 921 1696 in
947 1622 1041 1714 loeo,
1079 1645 1148 1717 quo
1175 1629 1293 1719 raptus

280 1767 357 1839 erat
389 1762 434 1834 ab
466 1757 605 1847 angelo,
639 1760 716 1828 erat
749 1760 849 1846 grata
882 1741 1022 1852 capella.
1082 1757 1139 1830 Ab
1175 1759 1293 1832 eadem

281 1898 419 1972 civitate
450 1891 570 1966 Ackon
610 1893 728 1962 eontra
760 1889 953 1983 aquilonem
989 1890 1033 1963 ad
1070 1897 1152 1966 octo.
1181 1892 1293 1968 leneas

282 2032 433 2106 cernitur
465 2027 523 2100 ille
560 2022 718 2097 mirificus
755 2029 908 2117 puteus
940 2045 1140 2116 aquarum
1175 2027 1293 2102 riven-

279 2167 364 2240 tium
390 2182 507 2237 versus
534 2159 670 2251 Tyrum,
699 2162 897 2252 sumptuoso
931 2179 1035 2253 opere
1067 2164 1290 2244 constructus.

280 2299 441 2393 Quamvis
475 2293 692 2385 singulariter
724 2293 857 2366 dicatur
890 2298 1032 2386 puteus,
1072 2315 1141 2367 non
1179 2301 1293 2370 tumen

278 2455 367 2508 unus
394 2434 466 2521 est,
506 2427 566 2501 sed
600 2431 672 2502 tres
706 2426 821 2499 fontes
854 2426 1006 2520 ejusdem
1032 2432 1229 2505 structurae
1257 2435 1293 2503 et

280 2563 518 2658 dispositionis,
547 2551 701 2635 sednon
730 2560 882 2654 ejusdem
909 2561 1119 2652 quantitatis.
1163 2562 1294 2637 Princi-

279 2697 366 2790 palis
392 2700 504 2768 tamen
530 2695 602 2768 iere
629 2695 732 2769 habet
758 2694 898 2785 triginta
925 2698 1071 2787 quatuor
1088 2696 1233 2785 ,cubitos
1258 2698 1294 2769 in

280 2830 473 2923 altitudine,
516 2828 573 2900 alii
607 2829 675 2902 duo
711 2829 829 2920 viginti
863 2828 956 2903 duos.
1026 2827 1293 2922 Quadrangulati

281 2969 358 3038 sunt
384 2963 488 3036 muris
515 2963 660 3036 fortibus
687 2963 730 3036 de
757 2964 846 3037 saxis
873 2961 1010 3055 validis,
1039 2967 1075 3036 et
1101 2963 1294 3058 amplificati

280 3102 427 3187 tantum,
457 3070 621 3190 quantum
651 3098 748 3171 busta
783 3096 911 3169 tomani
947 3097 1079 3189 potest:
1112 3096 1294 3190 inquibus
1360 3118 1363 3124 ·

280 3253 370 3326 aqua
396 3232 445 3303 ita
473 3231 591 3305 ebullit
620 3236 655 3303 et
681 3232 836 3323 scaturit,
866 3230 957 3324 quod
985 3229 1139 3305 omnibus
1165 3252 1292 3326 aquae-

280 3367 434 3447 ductibus
458 3365 621 3460 partitur,
651 3366 757 3439 etiam
782 3386 845 3458 per
872 3368 982 3439 totam
1008 3365 1186 3455 planitiem
1212 3367 1293 3460 Tyri

281 3501 492 3593 diffunditur,
521 3501 570 3573 ita
596 3499 686 3592 quod
712 3499 805 3572 horti
824 3504 867 3597 wet
886 3500 1018 3591 vineae,
1047 3497 1147 3573 lieeta
1173 3505 1211 3573 et
1229 3501 1292 3575 oli·

280 3620 363 3708 reta
401 3638 438 3706 et
470 3633 712 3725 cannamellae,
751 3653 839 3727 quae
874 3633 1007 3709 abunde
1029 3633 1094 3711 'ibi
1124 3640 1316 3737 creseunt

120 3972 282 4036 A
