<?xml version="1.0" encoding="UTF-8"?>
<!DOCTYPE html PUBLIC "-//W3C//DTD XHTML 1.0 Transitional//EN"
    "http://www.w3.org/TR/xhtml1/DTD/xhtml1-transitional.dtd">
<html xmlns="http://www.w3.org/1999/xhtml" xml:lang="en" lang="en">
 <head>
  <title>
</title>
<meta http-equiv="Content-Type" content="text/html;charset=utf-8" />
  <meta name='ocr-system' content='tesseract 3.04.00' />
  <meta name='ocr-capabilities' content='ocr_page ocr_carea ocr_par ocr_line ocrx_word'/>
</head>
<body>
  <div class='ocr_page' id='page_1' title='image "./descriptioneste01toblgoog_0270.png"; bbox 0 0 2782 4290; ppageno 0'>
   <div class='ocr_carea' id='block_1_1' title="bbox 1142 370 1207 440">
    <p class='ocr_par' dir='ltr' id='par_1_1' title="bbox 1142 370 1207 440">
     <span class='ocr_line' id='line_1_1' title="bbox 1142 370 1207 440; baseline 0 0"><span class='ocrx_word' id='word_1_1' title='bbox 1142 370 1207 440; x_wconf 80' lang='lat'>268</span> 
     </span>
    </p>
   </div>
   <div class='ocr_carea' id='block_1_2' title="bbox 122 523 1295 2887">
    <p class='ocr_par' dir='ltr' id='par_1_2' title="bbox 122 523 1306 2887">
     <span class='ocr_line' id='line_1_2' title="bbox 192 523 1295 646; baseline 0.008 -24"><span class='ocrx_word' id='word_1_2' title='bbox 192 551 328 627; x_wconf 84' lang='lat' dir='ltr'>ricsam.</span> <span class='ocrx_word' id='word_1_3' title='bbox 363 545 493 640; x_wconf 86' lang='lat' dir='ltr'>Tyrus</span> <span class='ocrx_word' id='word_1_4' title='bbox 521 552 555 621; x_wconf 94' lang='lat' dir='ltr'>in</span> <span class='ocrx_word' id='word_1_5' title='bbox 582 553 672 624; x_wconf 89' lang='lat' dir='ltr'>tribu</span> <span class='ocrx_word' id='word_1_6' title='bbox 686 554 784 644; x_wconf 83' lang='lat' dir='ltr'><strong>Aser,</strong></span> <span class='ocrx_word' id='word_1_7' title='bbox 811 575 913 645; x_wconf 85' lang='lat' dir='ltr'>quam</span> <span class='ocrx_word' id='word_1_8' title='bbox 934 559 1047 646; x_wconf 85' lang='lat' dir='ltr'>tamen</span> <span class='ocrx_word' id='word_1_9' title='bbox 1067 555 1209 634; x_wconf 76' lang='lat' dir='ltr'>aseritas</span> <span class='ocrx_word' id='word_1_10' title='bbox 1293 523 1295 529; x_wconf 22' lang='grc' dir='ltr'>Ι</span> 
     </span>
     <span class='ocr_line' id='line_1_3' title="bbox 194 684 1210 778; baseline 0.009 -24"><span class='ocrx_word' id='word_1_11' title='bbox 194 704 364 773; x_wconf 87' lang='lat' dir='ltr'>nunquam</span> <span class='ocrx_word' id='word_1_12' title='bbox 381 684 606 774; x_wconf 85' lang='lat' dir='ltr'>possiderunt.</span> <span class='ocrx_word' id='word_1_13' title='bbox 645 686 778 756; x_wconf 80' lang='lat' dir='ltr'>Deinde</span> <span class='ocrx_word' id='word_1_14' title='bbox 799 689 894 778; x_wconf 89' lang='lat' dir='ltr'>putei</span> <span class='ocrx_word' id='word_1_15' title='bbox 913 686 1078 777; x_wconf 81' lang='lat' dir='ltr'>aquarum</span> <span class='ocrx_word' id='word_1_16' title='bbox 1096 690 1210 763; x_wconf 75' lang='lat' dir='ltr'>rivau-</span> 
     </span>
     <span class='ocr_line' id='line_1_4' title="bbox 193 815 1208 908; baseline 0.004 -23"><span class='ocrx_word' id='word_1_17' title='bbox 193 817 288 886; x_wconf 87' lang='lat' dir='ltr'>tium.</span> <span class='ocrx_word' id='word_1_18' title='bbox 346 815 666 908; x_wconf 70' lang='lat' dir='ltr'>Sublaqueum</span> <span class='ocrx_word' id='word_1_19' title='bbox 710 826 762 889; x_wconf 94' lang='lat' dir='ltr'>est</span> <span class='ocrx_word' id='word_1_20' title='bbox 797 818 993 908; x_wconf 79' lang='lat' dir='ltr'>Sebaste,</span> <span class='ocrx_word' id='word_1_21' title='bbox 1036 841 1121 908; x_wconf 87' lang='lat' dir='ltr'>quae</span> <span class='ocrx_word' id='word_1_22' title='bbox 1156 829 1208 898; x_wconf 84' lang='lat' dir='ltr'>cst</span> 
     </span>
     <span class='ocr_line' id='line_1_5' title="bbox 193 949 1209 1044; baseline 0.007 -23"><span class='ocrx_word' id='word_1_23' title='bbox 193 949 262 1044; x_wconf 83' lang='lat' dir='ltr'>(et)</span> <span class='ocrx_word' id='word_1_24' title='bbox 291 949 481 1021; x_wconf 85' lang='lat' dir='ltr'>Samaria.</span> <span class='ocrx_word' id='word_1_25' title='bbox 500 951 601 1022; x_wconf 87' lang='lat' dir='ltr'>dicta.</span> <span class='ocrx_word' id='word_1_26' title='bbox 656 951 722 1022; x_wconf 84' lang='lat' dir='ltr'>Est</span> <span class='ocrx_word' id='word_1_27' title='bbox 756 958 832 1022; x_wconf 84' lang='lat' dir='ltr'>tcta</span> <span class='ocrx_word' id='word_1_28' title='bbox 866 953 1039 1023; x_wconf 84' lang='lat' dir='ltr'>destructa</span> <span class='ocrx_word' id='word_1_29' title='bbox 1072 960 1209 1042; x_wconf 83' lang='lat' dir='ltr'>praeter</span> 
     </span>
     <span class='ocr_line' id='line_1_6' title="bbox 192 1082 1208 1174; baseline 0.005 -21"><span class='ocrx_word' id='word_1_30' title='bbox 192 1082 276 1153; x_wconf 85' lang='lat' dir='ltr'>duas</span> <span class='ocrx_word' id='word_1_31' title='bbox 303 1083 477 1154; x_wconf 84' lang='lat' dir='ltr'>ecclesias:</span> <span class='ocrx_word' id='word_1_32' title='bbox 507 1106 573 1154; x_wconf 88' lang='lat' dir='ltr'>una</span> <span class='ocrx_word' id='word_1_33' title='bbox 600 1087 634 1154; x_wconf 93' lang='lat' dir='ltr'>in</span> <span class='ocrx_word' id='word_1_34' title='bbox 662 1085 790 1156; x_wconf 83' lang='lat' dir='ltr'>honore</span> <span class='ocrx_word' id='word_1_35' title='bbox 811 1086 916 1156; x_wconf 89' lang='lat' dir='ltr'>sancti</span> <span class='ocrx_word' id='word_1_36' title='bbox 936 1084 1208 1174; x_wconf 80' lang='lat' dir='ltr'>Jchuunisllap·</span> 
     </span>
     <span class='ocr_line' id='line_1_7' title="bbox 188 1211 1207 1309; baseline 0.007 -24"><span class='ocrx_word' id='word_1_37' title='bbox 188 1215 302 1306; x_wconf 72' lang='lat' dir='ltr'>lisiae,</span> <span class='ocrx_word' id='word_1_38' title='bbox 332 1217 365 1286; x_wconf 95' lang='lat' dir='ltr'>in</span> <span class='ocrx_word' id='word_1_39' title='bbox 381 1211 453 1305; x_wconf 67' lang='lat' dir='ltr'>&#39;qua</span> <span class='ocrx_word' id='word_1_40' title='bbox 480 1224 533 1288; x_wconf 91' lang='lat' dir='ltr'>est</span> <span class='ocrx_word' id='word_1_41' title='bbox 561 1218 772 1309; x_wconf 73' lang='lat' dir='ltr'>sepulchrum</span> <span class='ocrx_word' id='word_1_42' title='bbox 802 1219 875 1308; x_wconf 90' lang='lat' dir='ltr'>ejus</span> <span class='ocrx_word' id='word_1_43' title='bbox 903 1217 944 1288; x_wconf 88' lang='lat' dir='ltr'>de</span> <span class='ocrx_word' id='word_1_44' title='bbox 972 1238 1141 1288; x_wconf 84' lang='lat' dir='ltr'>marmore</span> <span class='ocrx_word' id='word_1_45' title='bbox 1164 1219 1207 1293; x_wconf 81' lang='lat' dir='ltr'>ad</span> 
     </span>
     <span class='ocr_line' id='line_1_8' title="bbox 122 1349 1206 1450; baseline 0.004 -31"><span class='ocrx_word' id='word_1_46' title='bbox 122 1440 128 1450; x_wconf 35' lang='lat'><strong>·</strong></span> <span class='ocrx_word' id='word_1_47' title='bbox 190 1349 298 1420; x_wconf 88' lang='lat' dir='ltr'>instar</span> <span class='ocrx_word' id='word_1_48' title='bbox 325 1350 492 1439; x_wconf 83' lang='lat' dir='ltr'>sepulchri</span> <span class='ocrx_word' id='word_1_49' title='bbox 520 1350 686 1440; x_wconf 81' lang='lat' dir='ltr'>deminici,</span> <span class='ocrx_word' id='word_1_50' title='bbox 717 1351 773 1422; x_wconf 91' lang='lat' dir='ltr'>ubi</span> <span class='ocrx_word' id='word_1_51' title='bbox 800 1352 871 1441; x_wconf 91' lang='lat' dir='ltr'>ipse</span> <span class='ocrx_word' id='word_1_52' title='bbox 900 1351 991 1420; x_wconf 91' lang='lat' dir='ltr'>inter</span> <span class='ocrx_word' id='word_1_53' title='bbox 1012 1350 1206 1422; x_wconf 83' lang='lat' dir='ltr'>Helisaeum</span> 
     </span>
     <span class='ocr_line' id='line_1_9' title="bbox 191 1480 1206 1574; baseline 0 -20"><span class='ocrx_word' id='word_1_54' title='bbox 191 1487 228 1554; x_wconf 85' lang='lat' dir='ltr'>et</span> <span class='ocrx_word' id='word_1_55' title='bbox 255 1480 404 1555; x_wconf 88' lang='lat' dir='ltr'>Abdiam</span> <span class='ocrx_word' id='word_1_56' title='bbox 430 1483 617 1574; x_wconf 86' lang='lat' dir='ltr'>prophetas</span> <span class='ocrx_word' id='word_1_57' title='bbox 651 1483 763 1554; x_wconf 86' lang='lat' dir='ltr'>fuerat</span> <span class='ocrx_word' id='word_1_58' title='bbox 795 1485 953 1574; x_wconf 86' lang='lat' dir='ltr'>sepultus.</span> <span class='ocrx_word' id='word_1_59' title='bbox 1011 1483 1090 1554; x_wconf 84' lang='lat' dir='ltr'>Fuit</span> <span class='ocrx_word' id='word_1_60' title='bbox 1117 1485 1206 1574; x_wconf 84' lang='lat' dir='ltr'>enim</span> 
     </span>
     <span class='ocr_line' id='line_1_10' title="bbox 195 1615 1207 1711; baseline 0 -26"><span class='ocrx_word' id='word_1_61' title='bbox 195 1615 401 1698; x_wconf 83' lang='lat' dir='ltr'>cathedralis</span> <span class='ocrx_word' id='word_1_62' title='bbox 429 1617 570 1693; x_wconf 84' lang='lat' dir='ltr'>ecclesia</span> <span class='ocrx_word' id='word_1_63' title='bbox 600 1617 632 1686; x_wconf 90' lang='lat' dir='ltr'>iu</span> <span class='ocrx_word' id='word_1_64' title='bbox 661 1618 768 1687; x_wconf 89' lang='lat' dir='ltr'>latere</span> <span class='ocrx_word' id='word_1_65' title='bbox 797 1617 921 1687; x_wconf 84' lang='lat' dir='ltr'>montis</span> <span class='ocrx_word' id='word_1_66' title='bbox 947 1617 1070 1709; x_wconf 87' lang='lat' dir='ltr'>posita,</span> <span class='ocrx_word' id='word_1_67' title='bbox 1106 1636 1207 1711; x_wconf 73' lang='lat' dir='ltr'>quan]</span> 
     </span>
     <span class='ocr_line' id='line_1_11' title="bbox 194 1749 1206 1841; baseline 0 -22"><span class='ocrx_word' id='word_1_68' title='bbox 194 1750 367 1819; x_wconf 82' lang='lat' dir='ltr'>sarraceni</span> <span class='ocrx_word' id='word_1_69' title='bbox 385 1749 671 1841; x_wconf 75' lang='lat' dir='ltr'>deturpaverunt.</span> <span class='ocrx_word' id='word_1_70' title='bbox 728 1750 850 1821; x_wconf 87' lang='lat' dir='ltr'>Altera</span> <span class='ocrx_word' id='word_1_71' title='bbox 885 1757 937 1821; x_wconf 86' lang='lat' dir='ltr'>est</span> <span class='ocrx_word' id='word_1_72' title='bbox 967 1749 1005 1818; x_wconf 92' lang='lat' dir='ltr'>in</span> <span class='ocrx_word' id='word_1_73' title='bbox 1030 1749 1206 1838; x_wconf 71' lang='lat' dir='ltr'>supercilia</span> 
     </span>
     <span class='ocr_line' id='line_1_12' title="bbox 192 1881 1206 1971; baseline 0.001 -21"><span class='ocrx_word' id='word_1_74' title='bbox 192 1882 329 1952; x_wconf 87' lang='lat' dir='ltr'>montis.</span> <span class='ocrx_word' id='word_1_75' title='bbox 365 1882 462 1953; x_wconf 88' lang='lat' dir='ltr'>Hanc</span> <span class='ocrx_word' id='word_1_76' title='bbox 476 1883 599 1971; x_wconf 76' lang='lat' dir='ltr'>:graeci</span> <span class='ocrx_word' id='word_1_77' title='bbox 614 1883 804 1954; x_wconf 87' lang='lat' dir='ltr'>inhabitant</span> <span class='ocrx_word' id='word_1_78' title='bbox 822 1882 987 1971; x_wconf 85' lang='lat' dir='ltr'>monachi,</span> <span class='ocrx_word' id='word_1_79' title='bbox 1006 1881 1206 1971; x_wconf 69' lang='lat' dir='ltr'>&#39;quipsten</span> 
     </span>
     <span class='ocr_line' id='line_1_13' title="bbox 190 2014 1204 2106; baseline -0.001 -20"><span class='ocrx_word' id='word_1_80' title='bbox 190 2014 343 2086; x_wconf 84' lang='lat' dir='ltr'>duntibi</span> <span class='ocrx_word' id='word_1_81' title='bbox 362 2016 473 2087; x_wconf 89' lang='lat' dir='ltr'>locum</span> <span class='ocrx_word' id='word_1_82' title='bbox 492 2016 639 2088; x_wconf 87' lang='lat' dir='ltr'>carceris</span> <span class='ocrx_word' id='word_1_83' title='bbox 661 2016 745 2106; x_wconf 77' lang='lat' dir='ltr'>ejuS,</span> <span class='ocrx_word' id='word_1_84' title='bbox 775 2015 864 2105; x_wconf 86' lang='lat' dir='ltr'>quud</span> <span class='ocrx_word' id='word_1_85' title='bbox 890 2015 1204 2104; x_wconf 72' lang='lat' dir='ltr'>f1ivulumreputn,</span> 
     </span>
     <span class='ocr_line' id='line_1_14' title="bbox 184 2147 1202 2240; baseline 0.002 -26"><span class='ocrx_word' id='word_1_86' title='bbox 184 2167 268 2218; x_wconf 77' lang='lat' dir='ltr'>,cum</span> <span class='ocrx_word' id='word_1_87' title='bbox 296 2149 331 2219; x_wconf 92' lang='lat' dir='ltr'>in</span> <span class='ocrx_word' id='word_1_88' title='bbox 347 2148 596 2236; x_wconf 69' lang='lat' dir='ltr'>Machaerrmta</span> <span class='ocrx_word' id='word_1_89' title='bbox 614 2149 675 2221; x_wconf 89' lang='lat' dir='ltr'>sub</span> <span class='ocrx_word' id='word_1_90' title='bbox 698 2153 758 2220; x_wconf 82' lang='lat'>36.</span> <span class='ocrx_word' id='word_1_91' title='bbox 781 2149 910 2240; x_wconf 83' lang='lat' dir='ltr'>quadro</span> <span class='ocrx_word' id='word_1_92' title='bbox 938 2149 982 2219; x_wconf 90' lang='lat' dir='ltr'>sit</span> <span class='ocrx_word' id='word_1_93' title='bbox 1008 2147 1202 2235; x_wconf 65' lang='lat' dir='ltr'>decollatus.</span> 
     </span>
     <span class='ocr_line' id='line_1_15' title="bbox 188 2258 1205 2386; baseline 0.016 -34"><span class='ocrx_word' id='word_1_94' title='bbox 188 2281 256 2354; x_wconf 83' lang='lat' dir='ltr'>Sub</span> <span class='ocrx_word' id='word_1_95' title='bbox 287 2285 349 2353; x_wconf 83' lang='lat'>45.</span> <span class='ocrx_word' id='word_1_96' title='bbox 380 2283 510 2372; x_wconf 84' lang='lat' dir='ltr'>quadro</span> <span class='ocrx_word' id='word_1_97' title='bbox 546 2288 598 2354; x_wconf 92' lang='lat' dir='ltr'>est</span> <span class='ocrx_word' id='word_1_98' title='bbox 632 2258 813 2372; x_wconf 85' lang='lat' dir='ltr'>Sichern,</span> <span class='ocrx_word' id='word_1_99' title='bbox 854 2303 952 2374; x_wconf 73' lang='lat' dir='ltr'>quarn</span> <span class='ocrx_word' id='word_1_100' title='bbox 974 2280 1205 2386; x_wconf 61' lang='lat' dir='ltr'>&#39;graeci-lle</span> 
     </span>
     <span class='ocr_line' id='line_1_16' title="bbox 185 2412 1205 2513; baseline 0.004 -28"><span class='ocrx_word' id='word_1_101' title='bbox 185 2417 551 2503; x_wconf 76' lang='lat' dir='ltr'>polosanruncaut:</span> <span class='ocrx_word' id='word_1_102' title='bbox 592 2416 635 2488; x_wconf 87' lang='lat' dir='ltr'>de</span> <span class='ocrx_word' id='word_1_103' title='bbox 675 2437 742 2505; x_wconf 86' lang='lat' dir='ltr'>qua</span> <span class='ocrx_word' id='word_1_104' title='bbox 775 2416 849 2489; x_wconf 87' lang='lat' dir='ltr'>lons</span> <span class='ocrx_word' id='word_1_105' title='bbox 876 2412 984 2493; x_wconf 79' lang='lat' dir='ltr'>Jacob</span> <span class='ocrx_word' id='word_1_106' title='bbox 1008 2414 1129 2513; x_wconf 57' lang='lat' dir='ltr'>trlistat</span> <span class='ocrx_word' id='word_1_107' title='bbox 1161 2413 1205 2502; x_wconf 84' lang='lat' dir='ltr'>ad</span> 
     </span>
     <span class='ocr_line' id='line_1_17' title="bbox 185 2546 1204 2640; baseline -0.003 -21"><span class='ocrx_word' id='word_1_108' title='bbox 185 2547 270 2620; x_wconf 85' lang='lat' dir='ltr'>duos</span> <span class='ocrx_word' id='word_1_109' title='bbox 302 2550 417 2640; x_wconf 88' lang='lat' dir='ltr'>jactus</span> <span class='ocrx_word' id='word_1_110' title='bbox 457 2549 613 2637; x_wconf 83' lang='lat' dir='ltr'>sagittae.</span> <span class='ocrx_word' id='word_1_111' title='bbox 676 2550 715 2620; x_wconf 93' lang='lat' dir='ltr'>In</span> <span class='ocrx_word' id='word_1_112' title='bbox 755 2546 890 2619; x_wconf 85' lang='lat' dir='ltr'>Sichem</span> <span class='ocrx_word' id='word_1_113' title='bbox 932 2547 1204 2637; x_wconf 54' lang='lat' dir='ltr'>sepulta4erant</span> 
     </span>
     <span class='ocr_line' id='line_1_18' title="bbox 186 2680 1205 2789; baseline -0.001 -38"><span class='ocrx_word' id='word_1_114' title='bbox 186 2703 264 2752; x_wconf 85' lang='lat' dir='ltr'>assa</span> <span class='ocrx_word' id='word_1_115' title='bbox 296 2681 434 2774; x_wconf 79' lang='lat' dir='ltr'>loseph.</span> <span class='ocrx_word' id='word_1_116' title='bbox 488 2682 612 2771; x_wconf 79' lang='lat' dir='ltr'>ludaei</span> <span class='ocrx_word' id='word_1_117' title='bbox 640 2682 755 2754; x_wconf 83' lang='lat' dir='ltr'>dieunt</span> <span class='ocrx_word' id='word_1_118' title='bbox 783 2681 933 2770; x_wconf 74' lang='lat' dir='ltr'>sechim,</span> <span class='ocrx_word' id='word_1_119' title='bbox 964 2680 1043 2761; x_wconf 76' lang='lat' dir='ltr'>Sion</span> <span class='ocrx_word' id='word_1_120' title='bbox 1079 2688 1205 2789; x_wconf 79' lang='lat' dir='ltr'>vocant</span> 
     </span>
     <span class='ocr_line' id='line_1_19' title="bbox 183 2813 1170 2887; baseline 0.005 -1"><span class='ocrx_word' id='word_1_121' title='bbox 183 2814 334 2887; x_wconf 84' lang='lat' dir='ltr'>Haracn.</span> <span class='ocrx_word' id='word_1_122' title='bbox 1169 2813 1170 2816; x_wconf 50' lang='lat'>&#39;</span> 
     </span>
    </p>
   </div>
   <div class='ocr_carea' id='block_1_3' title="bbox 330 3011 1052 3094">
    <p class='ocr_par' dir='ltr' id='par_1_3' title="bbox 330 3011 1180 3094">
     <span class='ocr_line' id='line_1_20' title="bbox 330 3011 1052 3094; baseline -0.013 -3"><span class='ocrx_word' id='word_1_123' title='bbox 330 3024 374 3091; x_wconf 86' lang='lat' dir='ltr'>De</span> <span class='ocrx_word' id='word_1_124' title='bbox 397 3011 589 3093; x_wconf 83' lang='lat' dir='ltr'>civitatibus</span> <span class='ocrx_word' id='word_1_125' title='bbox 612 3027 645 3089; x_wconf 87' lang='lat' dir='ltr'>et</span> <span class='ocrx_word' id='word_1_126' title='bbox 667 3023 745 3090; x_wconf 87' lang='lat' dir='ltr'>locis</span> <span class='ocrx_word' id='word_1_127' title='bbox 769 3023 884 3094; x_wconf 74' lang='lat' dir='ltr'>Terrae</span> <span class='ocrx_word' id='word_1_128' title='bbox 907 3022 1052 3087; x_wconf 79' lang='lat' dir='ltr'>Sanctae.</span> 
     </span>
    </p>
   </div>
   <div class='ocr_carea' id='block_1_4' title="bbox 183 3214 1197 3711">
    <p class='ocr_par' dir='ltr' id='par_1_4' title="bbox 183 3214 1197 3711">
     <span class='ocr_line' id='line_1_21' title="bbox 203 3214 1196 3318; baseline -0.002 -34"><span class='ocrx_word' id='word_1_129' title='bbox 203 3251 211 3284; x_wconf 80' lang='grc'><em>;</em></span> <span class='ocrx_word' id='word_1_130' title='bbox 264 3216 416 3287; x_wconf 88' lang='lat' dir='ltr'>Ackun</span> <span class='ocrx_word' id='word_1_131' title='bbox 451 3217 599 3307; x_wconf 81' lang='lat' dir='ltr'>civitas‚,</span> <span class='ocrx_word' id='word_1_132' title='bbox 630 3217 664 3287; x_wconf 93' lang='lat' dir='ltr'>in</span> <span class='ocrx_word' id='word_1_133' title='bbox 700 3215 876 3306; x_wconf 89' lang='lat' dir='ltr'>provincia</span> <span class='ocrx_word' id='word_1_134' title='bbox 909 3214 1086 3285; x_wconf 86' lang='lat' dir='ltr'>Phoenicis</span> <span class='ocrx_word' id='word_1_135' title='bbox 1123 3214 1196 3318; x_wconf 84' lang='lat' dir='ltr'>sita,</span> 
     </span>
     <span class='ocr_line' id='line_1_22' title="bbox 184 3346 1197 3452; baseline -0.006 -32"><span class='ocrx_word' id='word_1_136' title='bbox 184 3350 335 3423; x_wconf 88' lang='lat' dir='ltr'>turribus</span> <span class='ocrx_word' id='word_1_137' title='bbox 373 3356 408 3420; x_wconf 92' lang='lat' dir='ltr'>et</span> <span class='ocrx_word' id='word_1_138' title='bbox 439 3351 543 3421; x_wconf 89' lang='lat' dir='ltr'>muris</span> <span class='ocrx_word' id='word_1_139' title='bbox 576 3352 662 3422; x_wconf 88' lang='lat' dir='ltr'>bene</span> <span class='ocrx_word' id='word_1_140' title='bbox 697 3351 843 3438; x_wconf 80' lang='lat' dir='ltr'>munita,</span> <span class='ocrx_word' id='word_1_141' title='bbox 884 3346 1136 3452; x_wconf 76' lang='lat' dir='ltr'>triangularem</span> <span class='ocrx_word' id='word_1_142' title='bbox 1161 3351 1197 3415; x_wconf 92' lang='lat' dir='ltr'>ut</span> 
     </span>
     <span class='ocr_line' id='line_1_23' title="bbox 184 3484 1197 3576; baseline -0.007 -21"><span class='ocrx_word' id='word_1_143' title='bbox 184 3485 311 3576; x_wconf 85' lang='lat' dir='ltr'>clipeus</span> <span class='ocrx_word' id='word_1_144' title='bbox 338 3485 465 3556; x_wconf 87' lang='lat' dir='ltr'>habens</span> <span class='ocrx_word' id='word_1_145' title='bbox 492 3484 644 3574; x_wconf 81' lang='lat' dir='ltr'>formam,</span> <span class='ocrx_word' id='word_1_146' title='bbox 675 3484 769 3574; x_wconf 89' lang='lat' dir='ltr'>cujus</span> <span class='ocrx_word' id='word_1_147' title='bbox 797 3484 884 3552; x_wconf 86' lang='lat' dir='ltr'>duae</span> <span class='ocrx_word' id='word_1_148' title='bbox 911 3485 1028 3569; x_wconf 85' lang='lat' dir='ltr'>partes</span> <span class='ocrx_word' id='word_1_149' title='bbox 1056 3485 1197 3565; x_wconf 80' lang='lat' dir='ltr'>surgunt</span> 
     </span>
     <span class='ocr_line' id='line_1_24' title="bbox 183 3610 1195 3711; baseline -0.009 -21"><span class='ocrx_word' id='word_1_150' title='bbox 183 3619 332 3711; x_wconf 59' lang='lat' dir='ltr'>armari,</span> <span class='ocrx_word' id='word_1_151' title='bbox 361 3619 464 3690; x_wconf 82' lang='lat' dir='ltr'>tertia</span> <span class='ocrx_word' id='word_1_152' title='bbox 492 3640 645 3710; x_wconf 82' lang='lat' dir='ltr'>campum</span> <span class='ocrx_word' id='word_1_153' title='bbox 673 3617 823 3706; x_wconf 89' lang='lat' dir='ltr'>respicit:</span> <span class='ocrx_word' id='word_1_154' title='bbox 858 3613 986 3695; x_wconf 79' lang='lat' dir='ltr'>habens</span> <span class='ocrx_word' id='word_1_155' title='bbox 1021 3612 1054 3680; x_wconf 90' lang='lat' dir='ltr'>in</span> <span class='ocrx_word' id='word_1_156' title='bbox 1088 3610 1195 3699; x_wconf 81' lang='lat' dir='ltr'>longi·</span> 
     </span>
    </p>
   </div>
   <div class='ocr_carea' id='block_1_5' title="bbox 0 0 1396 4290">
    <p class='ocr_par' dir='ltr' id='par_1_5' title="bbox 0 0 1396 4290">
     <span class='ocr_line' id='line_1_25' title="bbox 0 0 1396 4290; baseline 0 4"><span class='ocrx_word' id='word_1_157' title='bbox 0 0 1396 4290; x_wconf 95' lang='lat' dir='ltr'> </span> 
     </span>
    </p>
   </div>
  </div>
 </body>
</html>
