2782 4290
197 421 262 486 172
383 450 384 455 ¹

194 609 248 674 tus
281 601 370 674 vitae
409 601 452 673 de
491 602 621 690 virgine
657 601 782 697 Mario,
820 603 980 674 videheet
1013 601 1102 675 filius
1138 603 1204 676 Dei

194 737 277 825 vivi,
307 733 460 808 Christus
486 734 601 825 JeSUS,
638 737 695 827 qni
724 739 776 806 est
803 737 898 826 panis
925 738 1125 825 angelorum
1152 743 1203 809 to-

193 872 325 961 tiusque
363 869 479 941 mnndi
515 869 593 941 vita.
658 870 698 940 ln
732 867 935 940 Bethlehem
962 866 1061 959 juxta
1093 870 1203 942 locum

192 1003 378 1075 nativitatis
411 1024 635 1092 praesepe,
669 1003 702 1074 in
738 1023 805 1093 quo
840 1006 874 1073 et
906 1004 977 1094 ipse
1004 1003 1116 1075 infans
1143 1004 1202 1077 Je-

192 1159 246 1209 sue
286 1136 442 1210 latitavit.
511 1133 609 1209 Unde
650 1140 686 1207 et
726 1136 924 1226 propheta(
949 1134 1113 1226 Gopaepit
1148 1137 1204 1210 dos

186 1292 417 1360 possessorem
444 1292 544 1341 suunt
571 1275 602 1341 et
629 1270 749 1341 eslans
769 1291 939 1360 praesepe
965 1267 1111 1343 Domini
1135 1271 1207 1343 sai.»

192 1404 246 1474 Ex
283 1425 349 1494 quo
382 1403 520 1476 foenum
552 1403 645 1493 illud,
681 1404 715 1474 in
749 1425 815 1494 quo
847 1427 932 1498 pner
958 1406 1058 1480 Jesns
1092 1406 1203 1477 latita·

192 1542 307 1628 verat,
336 1537 476 1609 Romam
509 1538 660 1611 delatum
691 1538 753 1611 fuit
786 1539 828 1610 ab
856 1539 989 1613 Helena
1015 1540 1135 1628 regine
1168 1544 1205 1611 et

70 1714 78 1727 -
194 1672 333 1743 honeste
349 1672 559 1744 reconditum
580 1673 615 1744 in
643 1674 783 1745 eeclesia
809 1679 943 1746 sanetae
971 1673 1106 1746 Mariae
1133 1693 1204 1758 mee

187 1804 284 1895 j0ris.
346 1807 387 1877 In
420 1807 514 1878 looo
547 1807 795 1883 nativitatis
830 1806 975 1878 Domini
999 1829 1041 1880 ex
1073 1809 1204 1880 mosivo

193 1959 296 2029 opere
326 1923 492 2013 deaurato
520 1940 648 2012 hiduo
677 1963 796 2013 versus
822 1942 981 2030 leguntur
1007 1942 1172 2033 appositi:

244 2071 475 2162 Angelieae
508 2073 648 2147 lumen
685 2074 864 2146 virtutis
907 2079 949 2146 et
986 2076 1081 2167 ejus
1115 2097 1206 2148 aeu-

296 2229 401 2298 men,

242 2342 309 2414 hie
356 2348 474 2415 natus
520 2363 620 2416 vere
661 2343 771 2416 Deus
822 2349 885 2416 est
932 2343 981 2417 de
1031 2346 1200 2434 virgine

301 2482 446 2548 matre.

272 2610 311 2679 ln
339 2608 559 2700 Bethlehem,
599 2631 707 2682 nova
734 2611 869 2682 stella
896 2611 998 2702 duee,
1038 2618 1204 2686 venerunt

189 2747 259 2814 tros
286 2761 385 2831 reges
413 2744 453 2815 ab
482 2740 623 2815 Oriente
657 2745 814 2817 venerari
849 2749 967 2815 natum
994 2745 1128 2837 Jesum,
1169 2750 1204 2820 et

189 2882 227 2947 ut
260 2896 378 2966 regem
412 2874 610 2964 angelorum
644 2879 842 2970 adorarent,
882 2884 1142 2971 praesentarunt
1173 2881 1203 2954 ei

189 3009 329 3100 mystica
368 3024 534 3100 munera,
564 3032 696 3102 aurum,
740 3013 818 3085 thus
857 3018 892 3084 et
925 2987 1124 3104 myrrham'
1163 3016 1202 3086 In

188 3143 391 3216 Bethlehem
426 3144 565 3235 ejusque
605 3145 727 3218 finibus
762 3147 864 3239 jussit
897 3146 1054 3220 Herodes
1090 3147 1202 3219 inno·

190 3283 339 3350 centes
361 3276 531 3368 decollari,
555 3300 727 3369 quorum
755 3282 933 3353 maxima
953 3302 1053 3373 pars
1084 3284 1201 3353 contra

187 3411 383 3501 meridiem,
419 3417 538 3503 quarto
566 3413 721 3486 milliario
749 3434 770 3486 a
796 3413 1016 3506 Bethlehem,
1053 3415 1198 3491 seeundo

188 3545 373 3618 aTheeua
400 3547 569 3635 sepulta
606 3547 755 3637 quiescit.
811 3548 852 3620 In
878 3547 1084 3622 Bethlehem
1116 3549 1199 3623 infra

186 3678 370 3770 basilicam,
399 3680 490 3754 haud
517 3680 616 3771 longe
644 3700 665 3753 a
691 3683 871 3774 praesepio
898 3682 1050 3776 Domini,
1083 3684 1117 3756 in
1144 3702 1199 3757 ce-
