<?xml version="1.0" encoding="UTF-8"?>
<!DOCTYPE html PUBLIC "-//W3C//DTD XHTML 1.0 Transitional//EN"
    "http://www.w3.org/TR/xhtml1/DTD/xhtml1-transitional.dtd">
<html xmlns="http://www.w3.org/1999/xhtml" xml:lang="en" lang="en">
 <head>
  <title>
</title>
<meta http-equiv="Content-Type" content="text/html;charset=utf-8" />
  <meta name='ocr-system' content='tesseract 3.04.00' />
  <meta name='ocr-capabilities' content='ocr_page ocr_carea ocr_par ocr_line ocrx_word'/>
</head>
<body>
  <div class='ocr_page' id='page_1' title='image "./descriptioneste01toblgoog_0152.png"; bbox 0 0 2782 4290; ppageno 0'>
   <div class='ocr_carea' id='block_1_1' title="bbox 1008 375 1070 441">
    <p class='ocr_par' dir='ltr' id='par_1_1' title="bbox 1008 375 1070 441">
     <span class='ocr_line' id='line_1_1' title="bbox 1008 375 1070 441; baseline 0.032 -2"><span class='ocrx_word' id='word_1_1' title='bbox 1008 375 1070 441; x_wconf 75' lang='lat'>145</span> 
     </span>
    </p>
   </div>
   <div class='ocr_carea' id='block_1_2' title="bbox 52 554 1074 2118">
    <p class='ocr_par' dir='ltr' id='par_1_2' title="bbox 52 554 1074 2118">
     <span class='ocr_line' id='line_1_2' title="bbox 53 554 1068 649; baseline 0 -21"><span class='ocrx_word' id='word_1_2' title='bbox 53 556 194 628; x_wconf 82' lang='lat' dir='ltr'><strong>Domini</strong></span> <span class='ocrx_word' id='word_1_3' title='bbox 219 554 396 647; x_wconf 73' lang='lat' dir='ltr'>pendentis</span> <span class='ocrx_word' id='word_1_4' title='bbox 427 556 462 628; x_wconf 92' lang='lat' dir='ltr'>iu</span> <span class='ocrx_word' id='word_1_5' title='bbox 490 574 609 649; x_wconf 85' lang='lat' dir='ltr'>cruce,</span> <span class='ocrx_word' id='word_1_6' title='bbox 641 579 683 631; x_wconf 85' lang='lat' dir='ltr'>ex</span> <span class='ocrx_word' id='word_1_7' title='bbox 716 556 892 649; x_wconf 80' lang='lat' dir='ltr'>positionis</span> <span class='ocrx_word' id='word_1_8' title='bbox 919 559 1068 631; x_wconf 88' lang='lat' dir='ltr'>necessi-</span> 
     </span>
     <span class='ocr_line' id='line_1_3' title="bbox 52 689 972 784; baseline 0.001 -22"><span class='ocrx_word' id='word_1_9' title='bbox 52 695 137 780; x_wconf 80' lang='lat' dir='ltr'>tate,</span> <span class='ocrx_word' id='word_1_10' title='bbox 167 710 284 762; x_wconf 87' lang='lat' dir='ltr'>versus</span> <span class='ocrx_word' id='word_1_11' title='bbox 311 691 476 762; x_wconf 81' lang='lat' dir='ltr'>orientem</span> <span class='ocrx_word' id='word_1_12' title='bbox 503 691 696 764; x_wconf 79' lang='lat' dir='ltr'>declaratur</span> <span class='ocrx_word' id='word_1_13' title='bbox 721 692 830 784; x_wconf 86' lang='lat' dir='ltr'>posita</span> <span class='ocrx_word' id='word_1_14' title='bbox 856 689 972 763; x_wconf 87' lang='lat' dir='ltr'>fuisse.</span> 
     </span>
     <span class='ocr_line' id='line_1_4' title="bbox 138 822 1070 921; baseline 0.001 -26"><span class='ocrx_word' id='word_1_15' title='bbox 138 822 243 896; x_wconf 84' lang='lat' dir='ltr'>Juxta</span> <span class='ocrx_word' id='word_1_16' title='bbox 268 825 412 921; x_wconf 87' lang='lat' dir='ltr'>eundem</span> <span class='ocrx_word' id='word_1_17' title='bbox 438 827 549 897; x_wconf 84' lang='lat' dir='ltr'>locum</span> <span class='ocrx_word' id='word_1_18' title='bbox 575 827 609 897; x_wconf 94' lang='lat' dir='ltr'>in</span> <span class='ocrx_word' id='word_1_19' title='bbox 623 827 788 917; x_wconf 86' lang='lat' dir='ltr'>superiori</span> <span class='ocrx_word' id='word_1_20' title='bbox 802 830 899 915; x_wconf 86' lang='lat' dir='ltr'>parte</span> <span class='ocrx_word' id='word_1_21' title='bbox 919 825 962 896; x_wconf 91' lang='lat' dir='ltr'>ad</span> <span class='ocrx_word' id='word_1_22' title='bbox 990 826 1070 897; x_wconf 86' lang='lat' dir='ltr'>dex-</span> 
     </span>
     <span class='ocr_line' id='line_1_5' title="bbox 54 958 1071 1049; baseline -0.002 -17"><span class='ocrx_word' id='word_1_23' title='bbox 54 967 146 1032; x_wconf 81' lang='lat' dir='ltr'>tram</span> <span class='ocrx_word' id='word_1_24' title='bbox 185 964 238 1030; x_wconf 89' lang='lat' dir='ltr'>est</span> <span class='ocrx_word' id='word_1_25' title='bbox 273 959 409 1031; x_wconf 87' lang='lat' dir='ltr'>altare</span> <span class='ocrx_word' id='word_1_26' title='bbox 442 960 560 1049; x_wconf 86' lang='lat' dir='ltr'>situm,</span> <span class='ocrx_word' id='word_1_27' title='bbox 600 960 636 1030; x_wconf 91' lang='lat' dir='ltr'>in</span> <span class='ocrx_word' id='word_1_28' title='bbox 675 959 803 1031; x_wconf 90' lang='lat' dir='ltr'>honore</span> <span class='ocrx_word' id='word_1_29' title='bbox 837 958 1071 1032; x_wconf 85' lang='lat' dir='ltr'>dominicae</span> 
     </span>
     <span class='ocr_line' id='line_1_6' title="bbox 55 1092 1071 1184; baseline 0 -20"><span class='ocrx_word' id='word_1_30' title='bbox 55 1092 267 1184; x_wconf 76' lang='lat' dir='ltr'>passionis</span> <span class='ocrx_word' id='word_1_31' title='bbox 299 1099 547 1184; x_wconf 88' lang='lat' dir='ltr'>consecratum,</span> <span class='ocrx_word' id='word_1_32' title='bbox 578 1098 614 1165; x_wconf 88' lang='lat' dir='ltr'>et</span> <span class='ocrx_word' id='word_1_33' title='bbox 641 1099 732 1165; x_wconf 87' lang='lat' dir='ltr'>totus</span> <span class='ocrx_word' id='word_1_34' title='bbox 758 1092 853 1163; x_wconf 86' lang='lat' dir='ltr'>loeus</span> <span class='ocrx_word' id='word_1_35' title='bbox 882 1092 939 1164; x_wconf 91' lang='lat' dir='ltr'>ille</span> <span class='ocrx_word' id='word_1_36' title='bbox 968 1093 1071 1164; x_wconf 90' lang='lat' dir='ltr'>deno-</span> 
     </span>
     <span class='ocr_line' id='line_1_7' title="bbox 56 1225 1071 1318; baseline -0.001 -19"><span class='ocrx_word' id='word_1_37' title='bbox 56 1227 207 1299; x_wconf 88' lang='lat' dir='ltr'>minatur</span> <span class='ocrx_word' id='word_1_38' title='bbox 237 1226 282 1297; x_wconf 89' lang='lat' dir='ltr'>ab</span> <span class='ocrx_word' id='word_1_39' title='bbox 316 1227 435 1299; x_wconf 90' lang='lat' dir='ltr'>eadem</span> <span class='ocrx_word' id='word_1_40' title='bbox 466 1227 630 1317; x_wconf 81' lang='lat' dir='ltr'>passione.</span> <span class='ocrx_word' id='word_1_41' title='bbox 698 1225 844 1297; x_wconf 85' lang='lat' dir='ltr'>Inferior</span> <span class='ocrx_word' id='word_1_42' title='bbox 876 1248 958 1300; x_wconf 87' lang='lat' dir='ltr'>vero</span> <span class='ocrx_word' id='word_1_43' title='bbox 993 1248 1071 1318; x_wconf 83' lang='lat' dir='ltr'>pars</span> 
     </span>
     <span class='ocr_line' id='line_1_8' title="bbox 57 1356 1071 1451; baseline -0.001 -19"><span class='ocrx_word' id='word_1_44' title='bbox 57 1359 213 1451; x_wconf 84' lang='lat' dir='ltr'>ejusdem</span> <span class='ocrx_word' id='word_1_45' title='bbox 240 1356 416 1432; x_wconf 85' lang='lat' dir='ltr'>Oalvariae</span> <span class='ocrx_word' id='word_1_46' title='bbox 443 1361 560 1432; x_wconf 84' lang='lat' dir='ltr'>subtus</span> <span class='ocrx_word' id='word_1_47' title='bbox 587 1361 737 1432; x_wconf 86' lang='lat' dir='ltr'>continet</span> <span class='ocrx_word' id='word_1_48' title='bbox 764 1360 922 1451; x_wconf 86' lang='lat' dir='ltr'>altare,</span> <span class='ocrx_word' id='word_1_49' title='bbox 954 1366 988 1432; x_wconf 92' lang='lat' dir='ltr'>et</span> <span class='ocrx_word' id='word_1_50' title='bbox 1014 1382 1071 1434; x_wconf 87' lang='lat' dir='ltr'>vo-</span> 
     </span>
     <span class='ocr_line' id='line_1_9' title="bbox 56 1492 1071 1585; baseline 0.003 -20"><span class='ocrx_word' id='word_1_51' title='bbox 56 1499 158 1565; x_wconf 82' lang='lat' dir='ltr'>catur</span> <span class='ocrx_word' id='word_1_52' title='bbox 189 1492 240 1563; x_wconf 90' lang='lat' dir='ltr'>ad</span> <span class='ocrx_word' id='word_1_53' title='bbox 273 1499 463 1566; x_wconf 88' lang='lat' dir='ltr'>sanctum</span> <span class='ocrx_word' id='word_1_54' title='bbox 495 1495 753 1585; x_wconf 84' lang='lat' dir='ltr'>sauguinem,</span> <span class='ocrx_word' id='word_1_55' title='bbox 790 1494 868 1584; x_wconf 89' lang='lat' dir='ltr'>quia</span> <span class='ocrx_word' id='word_1_56' title='bbox 897 1516 937 1566; x_wconf 91' lang='lat' dir='ltr'>eo</span> <span class='ocrx_word' id='word_1_57' title='bbox 966 1516 1071 1585; x_wconf 87' lang='lat' dir='ltr'>usque</span> 
     </span>
     <span class='ocr_line' id='line_1_10' title="bbox 57 1627 1070 1718; baseline 0.001 -20"><span class='ocrx_word' id='word_1_58' title='bbox 57 1649 122 1717; x_wconf 90' lang='lat' dir='ltr'>per</span> <span class='ocrx_word' id='word_1_59' title='bbox 149 1627 269 1696; x_wconf 86' lang='lat' dir='ltr'>rimam</span> <span class='ocrx_word' id='word_1_60' title='bbox 294 1633 413 1717; x_wconf 89' lang='lat' dir='ltr'>petrae</span> <span class='ocrx_word' id='word_1_61' title='bbox 440 1630 575 1717; x_wconf 84' lang='lat' dir='ltr'>sanguis</span> <span class='ocrx_word' id='word_1_62' title='bbox 602 1629 739 1700; x_wconf 89' lang='lat' dir='ltr'>Domini</span> <span class='ocrx_word' id='word_1_63' title='bbox 774 1628 899 1699; x_wconf 85' lang='lat' dir='ltr'>dieitur</span> <span class='ocrx_word' id='word_1_64' title='bbox 925 1627 1070 1718; x_wconf 83' lang='lat' dir='ltr'>fluxisse,</span> 
     </span>
     <span class='ocr_line' id='line_1_11' title="bbox 57 1760 1073 1852; baseline 0.002 -22"><span class='ocrx_word' id='word_1_65' title='bbox 57 1760 118 1852; x_wconf 88' lang='lat' dir='ltr'>qui</span> <span class='ocrx_word' id='word_1_66' title='bbox 152 1761 246 1832; x_wconf 85' lang='lat' dir='ltr'>locus</span> <span class='ocrx_word' id='word_1_67' title='bbox 279 1760 379 1833; x_wconf 91' lang='lat' dir='ltr'>hodie</span> <span class='ocrx_word' id='word_1_68' title='bbox 412 1767 507 1832; x_wconf 91' lang='lat' dir='ltr'>retro</span> <span class='ocrx_word' id='word_1_69' title='bbox 541 1762 632 1833; x_wconf 92' lang='lat' dir='ltr'>idem</span> <span class='ocrx_word' id='word_1_70' title='bbox 660 1763 767 1834; x_wconf 87' lang='lat' dir='ltr'>altare</span> <span class='ocrx_word' id='word_1_71' title='bbox 801 1762 994 1850; x_wconf 85' lang='lat' dir='ltr'>designatus</span> <span class='ocrx_word' id='word_1_72' title='bbox 1021 1769 1073 1834; x_wconf 90' lang='lat' dir='ltr'>est</span> 
     </span>
     <span class='ocr_line' id='line_1_12' title="bbox 57 1894 1074 1988; baseline 0.003 -24"><span class='ocrx_word' id='word_1_73' title='bbox 57 1914 123 1984; x_wconf 88' lang='lat' dir='ltr'>per</span> <span class='ocrx_word' id='word_1_74' title='bbox 157 1894 336 1983; x_wconf 89' lang='lat' dir='ltr'>quamdam</span> <span class='ocrx_word' id='word_1_75' title='bbox 369 1897 613 1968; x_wconf 79' lang='lat' dir='ltr'>concavitatem</span> <span class='ocrx_word' id='word_1_76' title='bbox 646 1897 798 1988; x_wconf 90' lang='lat' dir='ltr'>ejusdem</span> <span class='ocrx_word' id='word_1_77' title='bbox 832 1902 969 1985; x_wconf 88' lang='lat' dir='ltr'>petrae,</span> <span class='ocrx_word' id='word_1_78' title='bbox 1015 1895 1074 1967; x_wconf 89' lang='lat' dir='ltr'>ubi</span> 
     </span>
     <span class='ocr_line' id='line_1_13' title="bbox 58 2027 977 2118; baseline 0.002 -21"><span class='ocrx_word' id='word_1_79' title='bbox 58 2027 234 2118; x_wconf 85' lang='lat' dir='ltr'>dependet</span> <span class='ocrx_word' id='word_1_80' title='bbox 259 2028 510 2118; x_wconf 76' lang='lat' dir='ltr'>ampullosum</span> <span class='ocrx_word' id='word_1_81' title='bbox 540 2029 699 2101; x_wconf 84' lang='lat' dir='ltr'>continua</span> <span class='ocrx_word' id='word_1_82' title='bbox 725 2031 977 2102; x_wconf 81' lang='lat' dir='ltr'>illuminatione.</span> 
     </span>
    </p>
   </div>
   <div class='ocr_carea' id='block_1_3' title="bbox 112 2159 1072 2501">
    <p class='ocr_par' dir='ltr' id='par_1_3' title="bbox 112 2159 1072 2501">
     <span class='ocr_line' id='line_1_14' title="bbox 139 2159 1070 2260; baseline 0 -28"><span class='ocrx_word' id='word_1_83' title='bbox 139 2161 253 2233; x_wconf 85' lang='lat' dir='ltr'>Extra</span> <span class='ocrx_word' id='word_1_84' title='bbox 278 2161 313 2233; x_wconf 92' lang='lat' dir='ltr'>in</span> <span class='ocrx_word' id='word_1_85' title='bbox 330 2163 480 2236; x_wconf 85' lang='lat' dir='ltr'>introitu</span> <span class='ocrx_word' id='word_1_86' title='bbox 509 2161 683 2236; x_wconf 83' lang='lat' dir='ltr'>Calvariae</span> <span class='ocrx_word' id='word_1_87' title='bbox 718 2164 850 2260; x_wconf 67' lang='lat' dir='ltr'>[versus</span> <span class='ocrx_word' id='word_1_88' title='bbox 877 2159 1070 2256; x_wconf 58' lang='lat' dir='ltr'>legentum:</span> 
     </span>
     <span class='ocr_line' id='line_1_15' title="bbox 112 2294 1072 2386; baseline 0.002 -20"><span class='ocrx_word' id='word_1_89' title='bbox 112 2294 194 2366; x_wconf 86' lang='lat' dir='ltr'>Hie</span> <span class='ocrx_word' id='word_1_90' title='bbox 220 2294 337 2368; x_wconf 86' lang='lat' dir='ltr'>locus</span> <span class='ocrx_word' id='word_1_91' title='bbox 369 2297 547 2386; x_wconf 80' lang='lat' dir='ltr'>insignis</span> <span class='ocrx_word' id='word_1_92' title='bbox 576 2297 773 2371; x_wconf 83' lang='lat' dir='ltr'>Oaluaria</span> <span class='ocrx_word' id='word_1_93' title='bbox 806 2301 978 2368; x_wconf 85' lang='lat' dir='ltr'>sanctus</span> <span class='ocrx_word' id='word_1_94' title='bbox 1004 2296 1072 2368; x_wconf 88' lang='lat' dir='ltr'>ha-</span> 
     </span>
     <span class='ocr_line' id='line_1_16' title="bbox 169 2430 298 2501; baseline -0.016 0"><span class='ocrx_word' id='word_1_95' title='bbox 169 2430 298 2501; x_wconf 89' lang='lat' dir='ltr'>betur</span> 
     </span>
    </p>
   </div>
   <div class='ocr_carea' id='block_1_4' title="bbox 112 2563 1075 3192">
    <p class='ocr_par' dir='ltr' id='par_1_4' title="bbox 112 2563 1075 2770">
     <span class='ocr_line' id='line_1_17' title="bbox 112 2563 1075 2657; baseline 0.002 -24"><span class='ocrx_word' id='word_1_96' title='bbox 112 2584 192 2655; x_wconf 94' lang='lat' dir='ltr'>pro</span> <span class='ocrx_word' id='word_1_97' title='bbox 219 2563 328 2654; x_wconf 85' lang='lat' dir='ltr'>duee,</span> <span class='ocrx_word' id='word_1_98' title='bbox 357 2585 433 2655; x_wconf 91' lang='lat' dir='ltr'>pro</span> <span class='ocrx_word' id='word_1_99' title='bbox 461 2568 621 2657; x_wconf 88' lang='lat' dir='ltr'>pretio,</span> <span class='ocrx_word' id='word_1_100' title='bbox 650 2586 724 2656; x_wconf 90' lang='lat' dir='ltr'>pro</span> <span class='ocrx_word' id='word_1_101' title='bbox 751 2585 890 2654; x_wconf 83' lang='lat' dir='ltr'>cruce,</span> <span class='ocrx_word' id='word_1_102' title='bbox 919 2584 994 2653; x_wconf 93' lang='lat' dir='ltr'>pro</span> <span class='ocrx_word' id='word_1_103' title='bbox 1021 2566 1075 2636; x_wconf 88' lang='lat' dir='ltr'>la·</span> 
     </span>
     <span class='ocr_line' id='line_1_18' title="bbox 168 2719 308 2770; baseline 0.007 -2"><span class='ocrx_word' id='word_1_104' title='bbox 168 2719 308 2770; x_wconf 85' lang='lat' dir='ltr'>vaoro.</span> 
     </span>
    </p>

    <p class='ocr_par' dir='ltr' id='par_1_5' title="bbox 112 2831 1075 3057">
     <span class='ocr_line' id='line_1_19' title="bbox 112 2831 1075 2922; baseline -0.002 -18"><span class='ocrx_word' id='word_1_105' title='bbox 112 2832 271 2922; x_wconf 85' lang='lat' dir='ltr'>Nempe</span> <span class='ocrx_word' id='word_1_106' title='bbox 297 2831 400 2904; x_wconf 87' lang='lat' dir='ltr'>Jesu</span> <span class='ocrx_word' id='word_1_107' title='bbox 427 2853 553 2905; x_wconf 85' lang='lat' dir='ltr'>eruor</span> <span class='ocrx_word' id='word_1_108' title='bbox 580 2837 622 2904; x_wconf 89' lang='lat' dir='ltr'>et</span> <span class='ocrx_word' id='word_1_109' title='bbox 650 2834 811 2922; x_wconf 85' lang='lat' dir='ltr'>titulus,</span> <span class='ocrx_word' id='word_1_110' title='bbox 840 2852 959 2903; x_wconf 83' lang='lat' dir='ltr'>soora</span> <span class='ocrx_word' id='word_1_111' title='bbox 988 2853 1075 2904; x_wconf 87' lang='lat' dir='ltr'>cor-</span> 
     </span>
     <span class='ocr_line' id='line_1_20' title="bbox 167 2965 417 3057; baseline 0.004 -21"><span class='ocrx_word' id='word_1_112' title='bbox 167 2965 285 3057; x_wconf 89' lang='lat' dir='ltr'>poris</span> <span class='ocrx_word' id='word_1_113' title='bbox 311 2966 417 3037; x_wconf 88' lang='lat' dir='ltr'>unda</span> 
     </span>
    </p>

    <p class='ocr_par' dir='ltr' id='par_1_6' title="bbox 112 3099 1072 3192">
     <span class='ocr_line' id='line_1_21' title="bbox 112 3099 1072 3192; baseline 0.001 -21"><span class='ocrx_word' id='word_1_114' title='bbox 112 3099 354 3189; x_wconf 79' lang='lat' dir='ltr'>nossalvat,</span> <span class='ocrx_word' id='word_1_115' title='bbox 383 3099 570 3190; x_wconf 80' lang='lat' dir='ltr'>redimit,</span> <span class='ocrx_word' id='word_1_116' title='bbox 594 3100 922 3192; x_wconf 87' lang='lat' dir='ltr'>protegitatqne</span> <span class='ocrx_word' id='word_1_117' title='bbox 944 3102 1072 3175; x_wconf 85' lang='lat' dir='ltr'>lavat.</span> 
     </span>
    </p>
   </div>
   <div class='ocr_carea' id='block_1_5' title="bbox 61 3254 1076 3446">
    <p class='ocr_par' dir='ltr' id='par_1_7' title="bbox 61 3254 1076 3446">
     <span class='ocr_line' id='line_1_22' title="bbox 61 3254 1076 3339; baseline -0.002 -16"><span class='ocrx_word' id='word_1_118' title='bbox 61 3259 107 3324; x_wconf 91' lang='lat' dir='ltr'>ll.</span> <span class='ocrx_word' id='word_1_119' title='bbox 144 3254 267 3323; x_wconf 78' lang='lat' dir='ltr'>cuorus</span> <span class='ocrx_word' id='word_1_120' title='bbox 290 3254 503 3335; x_wconf 89' lang='lat' dir='ltr'>dominorum,</span> <span class='ocrx_word' id='word_1_121' title='bbox 535 3255 750 3322; x_wconf 88' lang='lat' dir='ltr'>meditullium</span> <span class='ocrx_word' id='word_1_122' title='bbox 772 3257 896 3339; x_wconf 84' lang='lat' dir='ltr'>terrae,</span> <span class='ocrx_word' id='word_1_123' title='bbox 920 3258 1076 3334; x_wconf 83' lang='lat' dir='ltr'>llmmaus,</span> 
     </span>
     <span class='ocr_line' id='line_1_23' title="bbox 150 3361 576 3446; baseline -0.012 -15"><span class='ocrx_word' id='word_1_124' title='bbox 150 3363 280 3431; x_wconf 83' lang='lat' dir='ltr'>lavatio</span> <span class='ocrx_word' id='word_1_125' title='bbox 301 3361 413 3446; x_wconf 88' lang='lat' dir='ltr'>padum</span> <span class='ocrx_word' id='word_1_126' title='bbox 435 3364 470 3429; x_wconf 88' lang='lat' dir='ltr'>in</span> <span class='ocrx_word' id='word_1_127' title='bbox 493 3362 576 3429; x_wconf 85' lang='lat' dir='ltr'>Sion.</span> 
     </span>
    </p>
   </div>
   <div class='ocr_carea' id='block_1_6' title="bbox 145 3499 1079 3591">
    <p class='ocr_par' dir='ltr' id='par_1_8' title="bbox 145 3499 1079 3591">
     <span class='ocr_line' id='line_1_24' title="bbox 145 3499 1079 3591; baseline -0.005 -16"><span class='ocrx_word' id='word_1_128' title='bbox 145 3503 187 3575; x_wconf 92' lang='lat' dir='ltr'>In</span> <span class='ocrx_word' id='word_1_129' title='bbox 213 3501 326 3573; x_wconf 91' lang='lat' dir='ltr'>medio</span> <span class='ocrx_word' id='word_1_130' title='bbox 359 3501 487 3573; x_wconf 84' lang='lat' dir='ltr'>choro</span> <span class='ocrx_word' id='word_1_131' title='bbox 522 3499 800 3591; x_wconf 86' lang='lat' dir='ltr'>dominorum,</span> <span class='ocrx_word' id='word_1_132' title='bbox 835 3521 902 3570; x_wconf 91' lang='lat' dir='ltr'>non</span> <span class='ocrx_word' id='word_1_133' title='bbox 929 3500 1079 3588; x_wconf 84' lang='lat' dir='ltr'>longea</span> 
     </span>
    </p>
   </div>
   <div class='ocr_carea' id='block_1_7' title="bbox 61 3634 1079 3820">
    <p class='ocr_par' dir='ltr' id='par_1_9' title="bbox 61 3634 1079 3820">
     <span class='ocr_line' id='line_1_25' title="bbox 61 3634 1079 3727; baseline -0.005 -19"><span class='ocrx_word' id='word_1_134' title='bbox 61 3638 134 3710; x_wconf 88' lang='lat' dir='ltr'>loro</span> <span class='ocrx_word' id='word_1_135' title='bbox 166 3634 360 3727; x_wconf 79' lang='lat' dir='ltr'>Calvariae,</span> <span class='ocrx_word' id='word_1_136' title='bbox 389 3640 441 3707; x_wconf 88' lang='lat' dir='ltr'>est</span> <span class='ocrx_word' id='word_1_137' title='bbox 469 3635 605 3726; x_wconf 85' lang='lat' dir='ltr'>quidam</span> <span class='ocrx_word' id='word_1_138' title='bbox 631 3635 729 3707; x_wconf 90' lang='lat' dir='ltr'>locos</span> <span class='ocrx_word' id='word_1_139' title='bbox 758 3634 954 3707; x_wconf 89' lang='lat' dir='ltr'>elevatione</span> <span class='ocrx_word' id='word_1_140' title='bbox 981 3634 1079 3704; x_wconf 88' lang='lat' dir='ltr'>tabu-</span> 
     </span>
     <span class='ocr_line' id='line_1_26' title="bbox 867 3755 908 3820; baseline 0.049 -2"><span class='ocrx_word' id='word_1_141' title='bbox 867 3755 908 3820; x_wconf 90' lang='lat'>10</span> 
     </span>
    </p>
   </div>
   <div class='ocr_carea' id='block_1_8' title="bbox 0 0 1408 4290">
    <p class='ocr_par' dir='ltr' id='par_1_10' title="bbox 0 0 1408 4290">
     <span class='ocr_line' id='line_1_27' title="bbox 0 0 1408 4290; baseline 0 0"><span class='ocrx_word' id='word_1_142' title='bbox 0 0 1408 4290; x_wconf 95' lang='lat' dir='ltr'> </span> 
     </span>
    </p>
   </div>
  </div>
 </body>
</html>
