2782 4290
190 385 236 450 64

193 585 359 656 mergere,
389 569 554 637 venerunt
580 563 625 635 ad
642 561 1127 658 praedictamGaesareem,
1148 566 1205 639 ubi

193 697 318 770 Petrus
357 697 442 770 coeli
482 697 628 787 claviger
667 695 776 768 lactus
816 702 878 769 est.
940 697 1119 771 Iutrautes
1158 700 1206 772 ibi

193 829 371 904 ecetesiam
396 829 556 902 oiderud
581 835 731 902 statuam
761 827 900 904 Obristi.
940 827 1002 902 Ad
1028 833 1205 920 cujussub

192 965 271 1038 diro
298 964 431 1060 positae
456 963 577 1059 pedem
603 963 706 1036 barba
733 963 963 1037 admirandae
977 965 1115 1038 uirtutis
1140 966 1206 1039 otei

192 1098 376 1187 oriebatur,
405 1097 449 1169 de
475 1119 542 1188 quo
569 1096 620 1168 sic
645 1098 682 1169 iu
710 1096 937 1169 ecclesiastiea
950 1096 1095 1171 historia
1122 1098 1204 1191 lepi-

192 1236 260 1304 tur.
317 1228 521 1319 Mulierem,
557 1200 661 1323 quam
693 1230 874 1321 saupuiais
906 1231 1075 1326 modario
1111 1232 1203 1305 laba-
1284 1247 1286 1251 ’

191 1369 324 1437 rautem
338 1368 530 1453 curaverat,
559 1363 664 1451 bajus
690 1362 785 1434 urbis
810 1363 924 1450 fluisse
938 1365 1044 1437 ciuem
1061 1372 1201 1439 uastat.

193 1495 267 1569 Pro
295 1496 416 1593 (mae)
443 1469 575 1586 foribus
608 1519 687 1568 ocra
716 1497 837 1568 domus
863 1498 1016 1586 ejusdem
1049 1499 1236 1595 midieris„

195 1630 288 1703 basis
315 1630 486 1723 quaedam
513 1630 551 1702 ia
578 1630 648 1702 iaco
677 1629 813 1702 editiori
840 1631 1004 1704 collocata
1031 1639 1203 1707 moustra-

193 1769 260 1853 tur,
289 1764 326 1836 iu
354 1785 424 1856 uua
450 1762 606 1835 mulieris
632 1763 762 1858 ipsius,
799 1763 889 1835 uelut
912 1764 1054 1854 pertibus
1079 1789 1203 1861 provo

192 1897 284 1979 tutae
318 1895 522 1991 palmasque
547 1896 749 1991 suppliciter
775 1897 952 1988 tcadeutis,
988 1897 1101 1988 imapo
1123 1923 1203 1972 aere

191 2051 355 2125 supressa
381 2029 526 2102 videtur.
580 2025 710 2103 Adstat
737 2030 810 2103 alia
837 2035 952 2103 statua
986 2053 1065 2103 aere
1097 2032 1205 2106 aidila

191 2163 305 2249 uiuus
330 2163 427 2255 fusa,
456 2163 552 2236 ouitu
579 2168 609 2235 et
628 2162 745 2236 babitu
763 2161 905 2236 Domiui
925 2169 1015 2237 reste
1028 2163 1204 2253 dubriam

192 2297 396 2371 circumdati
422 2298 645 2391 deatrauuue
670 2298 878 2393 porripeatis
906 2302 1103 2393 prostratae
1129 2320 1203 2370 uu-

192 2433 279 2504 lieri.
322 2428 384 2503 Ad
409 2432 531 2526 pedem
558 2435 671 2502 autem
697 2431 809 2504 uirilis
834 2430 1085 2504 statuacberba
1099 2455 1204 2525 puae-

190 2565 272 2639 dau
299 2586 406 2650 uacuo
432 2563 559 2657 speciei
585 2585 603 2634 c
629 2563 809 2656 praedicta
823 2551 898 2636 basi
923 2565 1097 2637 uasceudo
1125 2587 1203 2636 sur-

188 2697 250 2793 pit,
280 2701 312 2768 et
338 2694 447 2772 doaoc
470 2695 642 2785 dubriam
655 2697 843 2769 vestimenti
854 2696 1084 2788 Jesutaupat,
1113 2719 1203 2771 cres-

189 2851 266 2901 cere
291 2852 359 2902 uou
386 2828 521 2902 desiut.
566 2828 677 2919 Quam
712 2852 789 2902 urm
815 2850 945 2903 summo
959 2831 1082 2903 oertioc
1109 2853 1199 2904 cres-

190 2984 268 3036 cous
300 2961 403 3035 berba
437 2964 626 3054 coutiperit,
661 2963 752 3035 circs
784 2963 866 3036 iude
900 2965 948 3037 ad
981 2964 1199 3060 dopdieudas

189 3117 305 3169 omues
337 3096 470 3169 morbos
510 3097 688 3190 conquirit,
723 3098 772 3169 ita
805 3103 843 3168 ut
876 3119 1096 3192 quacumque
1135 3100 1198 3172 illa

185 3228 294 3318 fluuit
319 3227 514 3320 iuirmitas,
543 3231 662 3303 bausto
677 3230 797 3320 euipua
817 3230 1005 3319 pudefacti
1030 3232 1199 3305 salutaris

185 3363 366 3453 prauiuis,
396 3363 608 3459 depellatur,·
635 3363 723 3436 uitii
749 3363 883 3436 omaiua
910 3365 1037 3438 uirium
1060 3389 1196 3456 percus,

187 3495 230 3586 si,
259 3501 443 3589 autequam
470 3519 591 3570 aereae
606 3493 763 3585 fimbriae
776 3498 1003 3571 summitatem
1017 3500 1198 3574 uesoeudo

189 3629 379 3721 coaluerit,
408 3598 624 3725 deberpatur.
653 3629 759 3704 Hauc
785 3627 979 3722 Eusebius,
1008 3637 1216 3730 temporum.
