2782 4290
190 450 261 521 51⁰,

189 625 400 685 resuscitarit-t
423 628 510 681 moute
533 626 672 692 Tabitem',
695 627 860 681 servitrleem
884 621 1075 698 apostolorum.
1117 619 1200 682 Extra

190 725 326 781 oimtetem
344 725 374 779 in
391 724 482 778 littore
500 725 581 779 meris
600 727 642 778 est
658 725 747 790 locus,
761 725 790 778 ln
808 741 861 794 quo
879 742 901 779 s.
919 725 1018 781 Petrus
1036 727 1199 796 piscabatur.

189 822 290 878 Versus
308 822 421 877 Rumam
444 825 487 876 est
504 822 599 876 ciuitas
617 821 710 877 lindie>
722 819 821 893 mum)
836 821 915 878 ssnunc
933 823 1069 889 desolata,
1096 825 1125 878 in
1150 840 1202 894 qua

190 924 234 977 est
245 920 369 976 ccclesia
395 937 416 974 s.
435 919 550 975 Georii..
568 919 672 974 Ciuitas
689 920 789 988 Reme,
814 919 848 974 de
866 937 921 990 qua
936 922 990 977 fuit
1007 922 1125 991 Joseph,
1151 937 1199 975 no·

190 1019 259 1074 bilis
276 1018 445 1081 deeenturio,
469 1020 500 1071 et
523 1017 593 1086 (hier
615 1017 653 1071 ist
671 1017 783 1072 Ramleh
806 1017 861 1072 und
885 1017 1010 1072 lin-Nelei
1029 1018 1133 1072 Samnii
1155 1035 1207 1072 eu·'

190 1115 430 1184 sammengestellt)
448 1114 552 1168 Samuel
572 1115 703 1184 propheta
720 1114 758 1168 ibi
776 1116 897 1185 sepultus
916 1119 966 1170 est.
1002 1117 1105 1170 Versus
1123 1113 1207 1174 Jerue'·

190 1214 272 1271 silem
291 1216 333 1267 est
350 1213 491 1267 castellum
509 1213 643 1276 Emmaus,
661 1213 691 1266 in
708 1213 760 1281 duo
779 1212 830 1267 dno
849 1213 975 1283 discipuli
988 1254 994 1267 .
1008 1255 1030 1281 .,
1056 1217 1084 1268 et
1103 1214 1142 1268 ibi
1159 1218 1208 1268 est·

190 1311 311 1380 sepultus
330 1309 473 1378 cleophas,
491 1327 560 1365 unus
578 1310 611 1364 de
628 1310 774 1379 discipulis.
801 1312 842 1364 his
858 1326 912 1364 war
928 1310 985 1364 dies
1004 1306 1200 1378 aagenechdin·

191 1408 243 1463 heh
261 1408 305 1463 die
322 1408 469 1461 reiseroute
487 1423 538 1461 von
549 1406 611 1462 Jefe
623 1424 680 1462 aus.
711 1408 781 1462 98⁶:
800 1406 924 1462 Ecclesia
941 1425 962 1460 s.
976 1408 1072 1463 Jaeebi
1090 1408 1201 1463 minoris

191 1506 245 1573 (am
263 1491 364 1571 (ilburg
381 1504 510 1573 untenl..
536 1503 570 1558 In
593 1504 654 1574 ipsa
677 1506 789 1560 ecclesia
813 1506 867 1560 init
890 1505 1020 1574 sepultus.
1056 1506 1091 1559 In
1109 1505 1199 1559 eadem

191 1602 304 1656 eeclesia
326 1603 375 1667 est
391 1601 562 1671 sepulchrum
587 1602 725 1672 cujusdam
744 1604 904 1673 prophetae,
922 1602 1031 1657 nomine
1049 1604 1200 1658 Zacharias

190 1699 386 1754 Acheldemach
414 1699 478 1754 wird
501 1715 612 1770 campus
629 1703 740 1754 sanetus
757 1703 884 1767 genennt.
919 1700 990 1753 99·:
1010 1699 1199 1769 (Bethlehem)

190 1797 299 1866 Capella
322 1799 476 1851 sanctorum
493 1797 675 1852 innocentium
692 1801 720 1852 et
737 1799 907 1867 sepulchrum
924 1814 1017 1851 eorum
1027 1838 1051 1853 ..
1080 1798 1201 1855 Ecclesia

190 1895 303 1962 virginis
320 1894 429 1959 Mariae,
447 1895 476 1949 in
494 1911 547 1964 qua
565 1897 679 1964 angelus
696 1897 788 1970 decuit
799 1896 825 1950 ei
837 1898 865 1950 et
876 1895 977 1964 Joseph
989 1895 1061 1948 viam
1074 1894 1199 1964 Aegypti

190 1993 259 2046 seb:
279 1992 395 2060 (Unweit
412 2008 471 2045 vom
490 1991 601 2058 Jordan)
619 1992 812 2048 Monasterium
831 2011 852 2046 s.
869 1992 1034 2061 Hieronymi.
1067 1991 1125 2046 Aul
1140 1992 1198 2046 dem

81 2112 84 2117 ·
190 2107 263 2158 wege
281 2107 332 2145 von
350 2088 498 2145 Jerusalem
523 2106 576 2157 gen
598 2088 737 2145 Nazareth
749 2091 866 2145 Abiecce
886 2089 1040 2162 (El-Biteh)
1071 2091 1197 2153 castrum,

190 2189 218 2242 in
229 2204 282 2257 quo
300 2191 342 2242 est
354 2187 467 2250 eeclesia
479 2203 499 2240 s.
514 2187 616 2243 Mariae
624 2188 748 2255 uirginis,
766 2188 812 2242 ubi
829 2187 986 2254 recognovit
1001 2203 1030 2240 se
1049 2186 1197 2256 perdidisse

191 2285 275 2341 filium
294 2302 379 2340 snum.
668 2333 672 2339 .

260 2384 311 2438 Die
329 2382 434 2437 abiisse
453 2381 505 2450 (bis
522 2381 589 2452 99d)
607 2380 703 2447 haben,
721 2381 790 2437 nach
803 2382 861 2437 Iter
873 2381 1012 2436 aeveus
1025 2381 1198 2436 venetiarum

191 2498 273 2551 nsque
291 2480 440 2537 Jerusalem
464 2479 519 2535 und
536 2480 640 2548 weiter,
665 2480 874 2536 uberschriftan:
897 2478 1136 2546 Peregrinationes
1159 2479 1199 2533 in·

189 2579 288 2634 troitus
306 2578 404 2633 Tenue
419 2561 546 2641 sunctae,
564 2594 620 2647 per.
632 2577 705 2633 intre
722 2578 861 2633 ecelesiam
881 2594 903 2632 s.
915 2577 1064 2646 sepulchri,
1087 2593 1112 2646 p.
1130 2577 1199 2632 intra

190 2678 327 2730 civitatem
337 2673 495 2740 Jerusalem,
514 2691 539 2743 p.
553 2675 629 2730 vellis
642 2675 782 2745 Josaphat,
800 2692 825 2745 p.
843 2674 943 2731 montis
958 2673 1069 2740 Oliveti,
1086 2657 1197 2743 puellis

190 2773 270 2837 Siloe,
282 2789 307 2842 p.
315 2771 531 2840 rnontis,Sion,p.
539 2772 706 2840 Bethlehem,
713 2790 739 2842 p.
747 2773 905 2836 Bethaniae‚
912 2788 936 2840 p.
947 2772 1067 2828 fluminis
1078 2771 1195 2835 Jordani,

190 2869 355 2938 p.Neesreth
367 2869 528 2936 iniielileee,
541 2886 566 2940 p.
571 2871 707 2935 Damasei,
719 2886 745 2940 p.
755 2873 842 2927 terrea
851 2870 976 2938 Aegypti,
984 2886 1008 2939 p.
1014 2871 1197 2925 Alexandriae.

261 2967 309 3023 Ich
328 2968 404 3022 hatte
422 2984 467 3022 um
486 2985 515 3023 so
535 2968 610 3023 mehr
632 2968 733 3036 grund,
758 2969 809 3024 alle
833 2968 908 3023 diese
928 2967 1051 3034 zugeben
1074 2967 1198 3022 mahtin

191 3066 243 3121 den
260 3067 326 3120 text.
340 3065 402 3119 oder
414 3046 451 3121 ¹zu
469 3066 571 3121 diesem
589 3083 622 3120 uu
640 3066 763 3134 nehmen,
781 3066 821 3120 uls
840 3068 879 3121 sie
901 3066 1000 3120 hoohst
1018 3065 1197 3120 nehrschein-

191 3163 245 3220 lieh
263 3164 339 3221 nieht
356 3163 470 3218 Poloner
486 3180 546 3218 uum
563 3163 694 3219 versasser
709 3164 807 3247 ¹leuben,
826 3163 879 3218 und
898 3180 974 3226 wenn
991 3161 1071 3218 nicht
1088 3162 1148 3229 alle,
1169 3177 1195 3214 so

81 3334 83 3342 γ
189 3262 258 3317 doch
286 3263 329 3317 die
355 3261 583 3330 peregrinationes
616 3262 678 3316 mit
701 3261 754 3316 den
781 3262 905 3317 abiissem
931 3260 1039 3314 mhchtc
1067 3260 1113 3315 ioh
1139 3259 1195 3315 dem

189 3376 286 3416 manne
303 3359 485 3426 euschreiben,
503 3359 550 3413 der
567 3360 604 3412 im
623 3358 681 3414 cod.
695 3360 747 3418 721
767 3359 812 3432 (B)
831 3358 937 3424 euletet,
957 3359 1037 3414 uhter
1054 3358 1107 3413 den
1124 3375 1194 3428 pere·

189 3458 355 3523 griueetiones
367 3456 551 3522 Alexandriae,
565 3456 617 3511 (len
629 3468 725 3517 namen
741 3457 970 3512 unterreichnetc:
987 3456 1195 3526 christophorus

188 3554 330 3622 presbyter¹
348 3554 415 3607 1417
439 3555 469 3607 in
493 3552 672 3625 monteUSion.
710 3554 835 3609 Ohnehin
857 3555 984 3611 besclrert
1007 3571 1059 3609 uns
1077 3554 1194 3608 Maricam

188 3649 222 3704 da
241 3650 320 3706 Sioua
344 3653 394 3705 mit
411 3651 471 3705 dem
495 3650 722 3705 aueiiihrlichsten
746 3652 811 3707 iiber
834 3652 878 3706 die
895 3651 1061 3718 lobgesiinge
1079 3651 1133 3706 und
1151 3667 1194 3716 ge·

110 3806 112 3810 Α
189 3747 257 3813 bete,
278 3748 412 3803 uielleicht
430 3749 472 3803 bis
491 3766 536 3802 zur
555 3749 710 3815 ermhdung.
