2782 4290
302 392 366 463 1l'u

301 581 410 654 larum
437 578 480 650 de
506 571 673 649 mmmore
703 580 739 648 et
751 575 971 650 reticulorum
985 576 1174 650 ferreorum
1194 589 1313 650 ooncess

301 714 473 784 tenatioue
508 711 541 781 iu
574 710 712 782 modum
738 711 854 783 altaris
882 710 1083 802 designatus,
1112 710 1200 782 infra
1228 733 1313 802 quas

301 840 435 918 tabulas
462 847 496 916 in
530 845 741 936 pavimento,
782 844 938 917 orbiculis
973 843 1170 934 quibusdam
1202 845 1309 936 factis,

300 976 586 1050 meditullium
620 985 763 1050 terrae
797 979 914 1050 dicunt
949 978 1179 1070 designatum,
1211 979 1312 1070 juxta

300 1111 399 1183 illud:
443 1111 613 1202 Oporolcm
649 1117 699 1183 est
731 1111 876 1183 cauam
901 1112 939 1184 ia
965 1111 1077 1184 neoto
1105 1117 1228 1184 terroe.
1271 1114 1311 1184 ln

300 1247 420 1318 eodem
463 1266 597 1336 quoque
636 1247 713 1316 loco
753 1251 831 1335 post
867 1246 1151 1319 resurrectionem
1187 1247 1312 1320 dicitur

299 1380 460 1451 Dominus
488 1380 680 1471 apparuisse
708 1379 831 1451 beatae
855 1379 987 1450 Mariae
1015 1378 1251 1472 Magdalenae,
1272 1383 1309 1452 et

299 1512 388 1584 idem
416 1513 507 1585 locus
534 1513 681 1586 habetur
707 1513 741 1582 in
759 1533 880 1601 magna
894 1514 1123 1603 veneratione,
1153 1512 1310 1603 lampade

301 1646 402 1718 etiam
434 1647 524 1718 intus
558 1646 779 1737 dependente.
841 1646 881 1716 Iu
916 1646 1036 1718 eodem
1069 1665 1204 1737 quoque
1231 1647 1307 1717 loco

298 1781 441 1869 quidam
459 1787 627 1870 asserunt,
663 1781 753 1869 quod
785 1780 915 1872 loseph
947 1802 1068 1871 corpus
1094 1779 1178 1852 Jesu
1205 1799 1227 1852 a
1253 1779 1308 1851 Pi-

296 1915 368 1985 lato
396 1915 605 2006 impetravit3
643 1913 761 1986 eodem
799 1915 871 2004 die,
906 1915 970 1985 hoc
998 1920 1065 2005 est,
1101 1912 1188 1986 feria
1214 1919 1308 1986 sexto

296 2049 465 2121 sublatum
489 2050 532 2121 de
560 2070 659 2121 cruce
687 2049 769 2120 lavit
796 2049 999 2140 reverende,
1028 2047 1185 2140 pretiosis
1198 2047 1308 2138 liquo-

295 2183 387 2255 ribus
415 2187 520 2272 atque
547 2183 751 2256 aromatibus
779 2183 937 2254 condiens
964 2184 1151 2254 involutum
1177 2182 1213 2252 in
1241 2182 1306 2254 sin-

295 2316 381 2387 done
416 2317 558 2420 munda3
600 2317 690 2388 haud
722 2316 825 2405 louge
859 2317 1015 2408 sepelivit
1049 2317 1084 2387 iu
1119 2316 1237 2406 horto,
1272 2315 1305 2384 in

292 2455 526 2541 monumento,
564 2451 653 2540 quod
680 2472 804 2523 novum
832 2450 894 2521 sibi
923 2451 965 2524 de
995 2472 1078 2543 rupe
1107 2449 1303 2541 sculpserat.

294 2582 373 2654 lude
403 2583 577 2655 descendit
604 2584 647 2655 ad
665 2583 801 2675 inferos,
831 2585 874 2656 ad
900 2584 1112 2656 liberandum
1126 2583 1304 2656 hominem.

291 2717 328 2786 ln
357 2717 478 2788 eodem
505 2717 581 2787 loco
616 2719 760 2788 surrexit
786 2719 949 2790 Dominus
983 2739 1063 2791 vere
1098 2739 1120 2789 a
1144 2717 1301 2805 mortale,

290 2849 345 2919 leo
387 2849 430 2922 de
469 2849 691 2940 tribulum,
734 2858 844 2926 morte
877 2853 1024 2924 subacta.
1082 2852 1133 2924 lbi
1161 2851 1302 2940 augelus

290 2982 426 3055 Domini
443 2984 566 3056 sanctis
584 2985 781 3056 mulieribus
796 2986 964 3076 apparuit,
980 2985 1052 3077 jam
1071 2985 1112 3057 ab
1129 2985 1217 3058 estio
1232 3005 1303 3055 mo·

289 3115 439 3186 nomenti
456 3118 569 3207 lapide
586 3119 753 3209 revoluto,
770 3118 955 3209 Jesumque
976 3139 1058 3190 vere
1078 3118 1301 3191 resurrexisse

287 3251 473 3322 amortuis
499 3251 680 3342 nunciavit,
711 3257 747 3322 et
775 3252 835 3324 ait:
863 3251 929 3341 Ite,
951 3255 1110 3326 onomata
1131 3251 1301 3340 fratribus

286 3383 380 3471 mele,
412 3388 447 3454 et
475 3384 613 3456 iterum:
642 3382 757 3457 Dicite
784 3384 965 3476 decipulis
992 3386 1078 3475 eJ'os,
1108 3383 1272 3460 etPotro.

308 3538 311 3542 ·
365 3515 499 3588 Eodem
527 3519 591 3609 die,
622 3518 813 3590 declinante
836 3519 908 3611 jam
923 3519 968 3592 ad
983 3539 1171 3612 vesperam,
1200 3543 1298 3614 perc-

286 3650 374 3736 grini
408 3651 470 3721 sub
506 3652 617 3742 specie
652 3651 805 3724 Christus
837 3652 948 3726 latens
981 3655 1137 3745 apparuit
1169 3656 1299 3730 duobus
