2782 4290
1071 388 1114 457 08

101 568 293 641 inhonore
326 567 631 658 transfigurationis
664 568 849 640 dominicae
883 574 935 641 cst
962 568 1113 658 collecta,

102 723 167 794 per
194 702 312 774 urbem
339 702 579 775 Tiberiadis
611 702 644 772 in
673 703 788 774 littore
815 703 930 793 maris,
959 702 1015 775 ubi
1041 702 1114 774 Do·

103 835 213 907 minus
246 834 385 908 Petram
412 855 514 928 aquas
548 836 645 908 siccis
681 837 814 908 calcare
847 834 995 924 vestigiis
1023 834 1113 928 fecii,

106 969 220 1061 sitam,
250 970 309 1042 ubi
337 970 438 1041 etiam
464 969 623 1042 Jordanis
649 989 765 1041 mare
794 968 1011 1068 Galilaeae
1039 990 1116 1063 per-

103 1101 244 1194 transit,
290 1107 458 1176 venerunt
499 1102 721 1194 Magdala,
768 1103 878 1176 vicum
917 1101 1041 1174 Lazari
1081 1109 1117 1176 ei

46 1309 50 1315 .
104 1256 269 1309 sororum*
289 1237 372 1329 ejus.
415 1235 499 1311 Inde
525 1257 590 1331 per
616 1236 808 1331 oppositam
823 1236 861 1309 ia
874 1236 981 1310 adiero
1008 1237 1118 1310 littore

106 1367 408 1465 Gapharnaum
437 1371 494 1442 ubi
515 1370 678 1444 Dominus
700 1369 804 1444 filiam
831 1370 991 1466 principis
1017 1371 1119 1446 susci·

77 1504 207 1598 davit,
239 1509 275 1575 et
302 1504 359 1577 ubi
385 1504 593 1594 zebedaeus,
622 1510 720 1598 pater
745 1504 866 1577 Jacobi
894 1510 928 1576 et
941 1505 1117 1596 Johannis,

107 1639 300 1729 requiesoa
331 1644 366 1712 et
393 1660 455 1732 per
482 1638 762 1730 Bethsaidam,
791 1638 848 1711 ubi
864 1660 953 1711 nunc
980 1640 1121 1713 ecclesia

88 1756 245 1844 domum
272 1771 371 1845 Petri
403 1777 439 1844 et
475 1769 636 1843 Andreae
668 1771 892 1864 demonstrat,
933 1775 1120 1862 tetigerunt

110 1903 344 1996 corozaim,
385 1905 442 1980 ubi
479 1904 658 1995 Dominus,
703 1907 849 2000 expulsis
892 1906 1119 1999 daemonibus,

108 2060 250 2130 gregem
276 2059 455 2133 porcorum
482 2040 656 2113 concessit.
772 2059 775 2067 ·

192 2179 226 2253 9.
260 2173 364 2264 Hinc,
404 2177 597 2246 sanctorum
638 2193 753 2245 amore
793 2175 961 2266 locorum,
997 2173 1120 2248 itinere

110 2313 266 2381 tortuoso
308 2312 473 2380 venerunt
511 2309 555 2381 ad
588 2313 681 2380 ortus
722 2307 862 2379 duorum
902 2307 1044 2379 fontium
1084 2306 1121 2380 io

109 2446 220 2515 morcio
253 2439 386 2514 Pdomo
426 2440 600 2536 (Phanio),
636 2463 776 2533 quorum
808 2463 892 2514 nnus
919 2441 996 2533 dor,
1035 2442 1123 2514 alter

110 2583 252 2650 vocatur
265 2575 351 2666 Dan,
381 2596 525 2667 quoram
552 2597 643 2647 anus
670 2597 712 2646 aa
738 2597 818 2666 aaa,
842 2575 938 2677 'older
952 2597 994 2648 coo
1013 2575 1123 2648 odero

111 2716 211 2806 parde
238 2709 345 2798 ardis,
375 2730 463 2801 quoe
490 2709 527 2780 io
543 2705 737 2800 Eooaoedo'o
759 2707 933 2782 Caesareo
952 2709 1123 2804 Philippi,

112 2842 379 2941 aphomicidus
406 2847 519 2915 oedem
545 2841 714 2916 Pcaoodo
746 2843 799 2915 oei
824 2842 1012 2916 Pdooo‘odo
1038 2844 1123 2917 dioi-

113 2985 180 3070 ior,
210 2977 356 3080 fluentes
383 2999 450 3049 non
476 2978 580 3068 longo
609 2980 650 3051 ab
677 2978 750 3071 ipsa
762 2977 855 3067 urbe,
884 2976 1015 3066 fatigati
1027 2977 1125 3070 lapsu

113 3111 250 3185 fluentis
278 3117 313 3184 et
339 3113 473 3184 nomine
496 3112 620 3204 juncti,
662 3111 787 3183 iaciunt
812 3109 995 3182 Jordanem
1023 3110 1128 3182 domi·

113 3247 190 3319 nico
224 3246 427 3339 baptismate
461 3245 633 3336 insignem.
691 3244 781 3317 Visis
810 3265 893 3334 ergo
930 3245 965 3314 in
1008 3242 1128 3315 eodem

99 3382 188 3454 ¹loco
229 3378 428 3471 quibusdam
469 3380 630 3452 armentis
673 3378 773 3450 dorso
814 3379 932 3467 longo,
976 3373 1128 3447 cruribus

114 3513 286 3608 brevibus,
315 3512 466 3606 proceris
493 3512 657 3604 cornibus,
687 3531 785 3603 qnae,
816 3511 887 3609 sole
902 3508 989 3580 diem
1016 3508 1129 3579 incen-

115 3646 229 3736 dente,
258 3665 296 3718 se
324 3651 461 3738 praeter
475 3647 584 3718 solum
612 3650 715 3739 caput
726 3644 834 3718 vicina
861 3638 985 3734 palude
1016 3640 1129 3712 solent
