2782 4290
1135 433 1198 501 171

184 623 327 691 sumta
367 622 428 690 est
463 618 512 688 ad
557 619 804 691 aethereum
844 617 1070 689 thalamum
1114 623 1200 706 ete.;

186 758 311 843 postea
336 753 372 823 in
399 752 555 824 eireuitu:
589 752 689 824 Vidi
722 753 959 843 speciosam
992 751 1105 823 siout
1139 771 1201 823 oo-

185 886 366 959 lumbam
402 889 487 976 ete,
525 907 645 976 usque:
689 886 892 958 etlilium
926 883 1199 976 convallium,

184 1020 304 1110 ibique
330 1019 558 1112 sthungitur:
586 1019 795 1093 Viderunt
827 1040 912 1091 eam
941 1017 1061 1091 filiae
1089 1017 1198 1090 Sion.

185 1153 298 1225 Hine
328 1155 449 1225 certe
472 1153 666 1241 gloriosa
684 1154 804 1242 virgo
828 1154 969 1225 coelos
995 1153 1202 1226 aseendit.

186 1287 320 1377 Rogo,
364 1285 567 1376 gaudete,
618 1288 715 1378 qnia
748 1285 1039 1360 ineffabiliter
1080 1287 1203 1360 subli-

186 1425 298 1493 mata
326 1441 417 1491 cum
444 1418 614 1492 Christo
640 1426 794 1511 regnat
826 1421 866 1492 in
894 1424 1129 1511 aeternum3
1167 1421 1202 1492 in

187 1555 369 1626 anteriori:
398 1553 599 1627 Assumta
627 1560 692 1627 est
717 1553 856 1627 Maria
882 1556 924 1627 in
951 1554 1127 1643 eoelum3
1161 1576 1203 1627 ex

187 1688 345 1780 opposito
372 1688 498 1760 latere:
526 1687 733 1760 Exaltuta
767 1690 831 1762 est
857 1694 1001 1763 saneta
1029 1689 1110 1760 Dei
1137 1708 1204 1778 ge·
1327 1728 1337 1743 ·

188 1822 322 1894 nitrix
349 1826 435 1913 eto.;
478 1827 515 1894 et
544 1823 579 1894 in
606 1823 735 1895 medio:
769 1823 1004 1896 Multitudo
1032 1822 1202 1912 angelo·

186 1977 277 2028 rum
311 1956 572 2029 adstantium
604 1957 853 2030 incircuitu
888 1957 998 2029 eirea
1032 1958 1202 2028 beatam

189 2089 372 2163 Mariam
407 2091 446 2162 in
482 2092 636 2163 throno
662 2090 936 2181 residentem,
977 2111 1052 2182 per
1085 2109 1203 2180 quam

188 2225 303 2298 faeta
332 2224 397 2296 via
425 2224 475 2296 ad
503 2225 712 2298 eoelestia
737 2244 870 2313 regna
898 2224 1146 2296 declaretur.

268 2359 310 2431 ln
341 2357 429 2451 pede
456 2358 581 2430 montis
608 2357 737 2432 Oliveti
770 2379 887 2432 versus
921 2358 1109 2447 civitatem,
1146 2356 1203 2429 ubi

187 2494 289 2567 modo
320 2493 508 2564 ostenditur
540 2494 714 2586 sepultura
745 2493 866 2564 beatae
895 2491 1025 2564 Mariae
1052 2491 1201 2581 virginis,

188 2635 263 2702 erat
291 2627 431 2718 viculus,
461 2627 519 2717 qui
546 2626 724 2699 dicebatur
747 2625 1040 2699 Gethsemane.

188 2912 232 2980 lt.
276 2905 474 2985 Bethlehem,
498 2923 665 2991 praesepe,
689 2906 777 2973 loons
800 2905 1006 2988 nativitatis,
1042 2906 1205 2988 apparitio

277 3015 403 3094 stellae,
426 3015 598 3097 sepultura
619 3015 844 3094 innoeentiuru,
867 3012 1066 3095 sepulehrun
1089 3030 1115 3079 s.
1137 3014 1205 3082 llio·

276 3123 417 3208 ronyml,
441 3123 529 3190 loeus
551 3123 727 3205 pastorum,
750 3123 885 3201 rhomo,
908 3120 1079 3188 ecelesias.
1097 3121 1205 3189 chari·
1237 3140 1240 3147 ·
1272 3134 1274 3137 ’

277 3231 377 3310 touls,
400 3229 601 3314 sopulohrum
622 3226 734 3296 ltahol.

269 3432 525 3507 Bethlehem
539 3496 542 3503 ,
556 3431 675 3504 domus
700 3429 795 3523 panis
818 3429 1072 3520 interpretatur,
1100 3425 1204 3498 Beth·

191 3570 300 3644 lehem
328 3568 446 3640 civitas
472 3565 600 3657 Judae,
637 3585 724 3657 quae
756 3570 792 3638 et
823 3564 996 3656 Ephrem,
1032 3582 1096 3634 nec
1131 3559 1204 3631 sine

195 3725 300 3797 sousa7
330 3702 410 3795 quia
437 3700 481 3775 de
507 3699 591 3775 flore
619 3718 785 3773 emmeno
813 3698 980 3792 prooessit
998 3696 1032 3769 in
1052 3714 1093 3767 ea
1114 3693 1208 3768 fruc-
