2782 4290
299 442 363 508 226

298 641 385 713 qnae
406 626 479 692 erat
498 620 643 709 sinistra,
673 618 819 690 ducebat
839 617 873 686 in
891 617 1090 692 Bethlehem
1112 628 1147 693 et
1168 621 1311 699 Hebron

297 755 403 844 Juda3
432 753 499 825 alia
519 752 744 825 descendebat
769 750 813 822 ad
837 749 988 824 dextram
1013 755 1221 844 pervellem
1244 756 1312 828 Re-

297 889 410 981 phaim
439 886 499 960 sub
528 890 638 958 castro
666 885 848 977 Bethsnra‚
879 885 969 977 quod
998 893 1048 957 est
1075 887 1190 960 stadiis
1218 891 1311 980 quiu-

245 1033 247 1038 ’
298 1016 363 1115 que
385 1019 619 1094 aderusalem.
657 1017 814 1090 Secunda
833 1020 1009 1092 dicebatur
1035 1026 1161 1110 porta
1189 1030 1310 1096 vetus

300 1162 335 1228 ct
363 1159 437 1226 erat
465 1154 509 1225 oh
538 1154 601 1224 ista
628 1158 744 1224 contra
780 1152 971 1244 aquilonem
1006 1154 1039 1224 iu
1067 1175 1161 1226 moro
1190 1158 1309 1248 veteri,

299 1295 336 1363 et
363 1290 533 1359 manserat
560 1306 581 1356 a
607 1291 761 1383 tempore
784 1288 1034 1386 jebusaeorum.
1078 1287 1181 1359 Dicta
1210 1289 1309 1361 etiam

299 1421 364 1494 init
393 1423 521 1510 porta
545 1419 799 1510 judiciaria,
836 1420 914 1510 quia
944 1419 1071 1511 judicia
1102 1419 1149 1491 ihi
1178 1441 1311 1494 exerce·

299 1556 438 1644 bantur,
475 1558 510 1624 et
542 1573 629 1643 quac
660 1553 812 1644 judicata
845 1552 978 1630 inerant
1014 1573 1077 1644 per
1110 1556 1311 1635 sententiam

300 1687 517 1775 definitivam,
540 1686 587 1757 ihi
607 1686 796 1758 executioni
816 1685 1073 1764 mandabantur.
1114 1686 1192 1760 Non
1213 1687 1310 1777 longe

231 1818 233 1821 ’
301 1826 400 1895 extra
427 1820 513 1891 hanc
542 1823 675 1908 portam
701 1818 863 1891 Dominus
891 1818 1068 1892 crucifixus
1095 1825 1158 1893 est.
1197 1821 1313 1894 Tertia

301 1960 377 2030 crat
404 1957 529 2046 porta
556 1950 759 2043 Ephraim
795 1953 830 2024 iu
864 1954 1030 2044 superiori
1062 1958 1162 2044 parte
1195 1961 1313 2026 contra

298 2089 501 2182 aquilonem.
538 2086 607 2159 Per
633 2085 720 2157 hanc
749 2091 822 2157 erat
842 2088 897 2159 via
923 2087 957 2158 iu
981 2093 1130 2159 montem
1147 2085 1313 2178 Ephraim

300 2227 337 2295 ct
365 2220 559 2294 Samariam.
596 2218 686 2290 Huic
715 2221 916 2292 accurrebat
942 2242 1066 2311 murus,
1097 2221 1154 2311 qui
1182 2220 1312 2292 aturri

299 2355 410 2428 David
438 2373 543 2443 usque
570 2351 614 2424 ad
642 2353 725 2423 hanc
752 2358 886 2443 portam
913 2359 987 2425 erat
1014 2353 1119 2425 iactus
1138 2352 1182 2425 ad
1200 2353 1309 2443 scpul-
1366 2407 1370 2411 Α

302 2489 419 2560 chrum
462 2485 596 2556 Domini
645 2486 878 2558 includendam
923 2507 999 2558 cum
1042 2507 1141 2558 muro
1190 2488 1310 2560 veteri.

301 2620 433 2693 Dicitur
465 2639 554 2689 nuuc
587 2626 714 2710 porta
747 2617 967 2710 Stephani,
1008 2621 1085 2712 quin
1118 2620 1183 2692 fuit
1204 2628 1314 2694 extra

301 2773 376 2827 cam
402 2752 582 2842 lapidatus.
619 2752 748 2843 Quarta
775 2759 894 2843 porta
921 2752 987 2824 fnit
1014 2753 1157 2842 auguli
1184 2761 1220 2826 et
1239 2761 1313 2829 crat

301 2906 323 2958 a
348 2887 513 2976 superiori
540 2887 711 2959 orientalis
737 2887 920 2992 inaugulo
947 2887 1034 2958 muri
1056 2906 1159 2978 super
1179 2893 1313 2962 torren-

302 3026 371 3093 tem
391 3017 536 3112 Ocdron,
558 3019 645 3091 unde
668 3019 701 3089 in
723 3020 816 3093 libris
830 3020 961 3109 Regum
981 3020 1116 3111 legitur,
1147 3022 1237 3113 qnod
1250 3023 1313 3096 dos

302 3151 422 3246 (Joas),
457 3173 519 3225 rex
544 3152 664 3243 Israel,
704 3154 885 3245 interrupit
912 3175 1043 3226 murum
1070 3151 1262 3230 Jerusalem
1292 3168 1313 3227 a

301 3290 402 3379 porta
428 3285 592 3375 Ephraim
625 3307 731 3377 usque
766 3287 809 3358 ad
840 3292 972 3378 portam
1005 3287 1121 3377 augndi
1155 3290 1314 3381 quadrin-

302 3420 415 3510 gentis
429 3419 560 3492 cuhitis.
594 3421 694 3492 Dicta
713 3421 814 3493 etiam
832 3426 906 3494 erat
933 3425 1070 3510 porta.
1086 3420 1312 3514 Benjnmin‚

302 3552 382 3644 quia
414 3552 447 3623 in
481 3552 633 3626 Anathot
673 3559 708 3624 et
740 3535 891 3626 caeteras
924 3554 1024 3627 nrbes
1063 3527 1172 3646 hujus
1206 3555 1316 3628 tribus

304 3685 462 3758 ducebat.
504 3685 627 3776 Quinta
647 3691 747 3794 porta
775 3693 851 3760 erat
877 3689 1004 3776 porta
1031 3689 1312 3779 sterquilinii.
