2782 4290
1063 373 1206 456 'aa

193 565 320 640 Oliveti
356 570 408 640 eut
445 584 533 636 nunc
558 562 760 656 ecelesia,
795 564 862 638 ubi
894 566 1091 642 Dominus
1124 573 1204 644 ante

191 700 383 792 passionem
409 698 576 789 orabat,
611 703 646 770 et
680 698 763 770 dixit
796 700 840 771 ad
871 700 1066 792 discipulus:
1108 699 1202 794 Viui-

191 834 261 906 tute
296 838 328 906 et
354 837 468 922 erute,
504 837 543 904 et
569 853 638 904 uua
665 832 799 906 intretis
825 833 863 906 ia
889 835 1115 908 tentationem.
1157 836 1205 908 Et

191 968 270 1040 inde
306 967 398 1040 venit
430 965 474 1038 ad
508 966 733 1039 eeclesiam
774 969 808 1038 in
846 969 919 1059 ipso
959 974 1091 1060 monte,
1135 971 1205 1043 ubi

190 1101 396 1173 Dominus
434 1100 638 1173 ascendit
668 1102 702 1172 in
738 1101 876 1173 eoelum.
932 1101 980 1174 Et
1019 1104 1053 1174 in
1088 1104 1200 1176 medio

192 1236 355 1310 ecelesiae
382 1239 449 1307 stat
476 1235 517 1306 de
530 1255 611 1306 aere
626 1234 753 1306 factum
767 1235 934 1326 sculptum
949 1256 989 1308 ac
1002 1237 1200 1331 speciosum,

192 1376 226 1441 et
261 1373 314 1441 est
349 1368 527 1459 quadrans.
590 1366 677 1441 Illud
711 1377 779 1443 stat
811 1370 845 1440 in
879 1371 991 1444 medin
1026 1373 1199 1464 ecclesiae,

191 1504 247 1576 ubi
281 1503 443 1575 Dominus
483 1503 635 1575 ascendit
672 1504 706 1574 in
746 1504 886 1577 coelum.
943 1503 992 1577 nt
1022 1504 1058 1575 in
1091 1507 1202 1578 medin

189 1658 293 1711 aereo
332 1642 384 1710 est
417 1637 542 1709 factum
581 1638 740 1710 vitreum·
753 1639 1062 1729 quandrangulum,
1093 1645 1131 1711 et·
1155 1640 1200 1712 ibi

191 1772 304 1845 estin
333 1772 440 1844 vitreo
468 1793 610 1863 parvum
638 1772 851 1864 cicindulum‚
882 1778 917 1844 et
944 1773 1030 1845 circa
1058 1774 1204 1846 uiuindu-
1350 1830 1356 1840 .

189 1908 261 1978 lum
294 1910 346 1978 est
381 1905 463 1977 illud
496 1906 641 1977 vitreum
669 1904 816 1996 undique
844 1908 1004 1981 clausum.
1050 1908 1100 1979 Et
1127 1911 1204 1982 ideo

190 2047 243 2114 est
276 2039 424 2130 undique
457 2040 620 2129 alermum,
655 2045 692 2110 ut
724 2061 858 2129 semper
884 2041 1005 2113 ardere
1033 2044 1140 2132 possit
1167 2043 1201 2115 in

187 2175 320 2267 pluvia,
355 2172 416 2245 sed
449 2177 484 2244 et
510 2174 545 2244 in
578 2174 660 2246 sole.
715 2173 776 2245 lllu
810 2174 948 2245 eeclesia
976 2180 1026 2246 est
1055 2175 1201 2263 desuper
1272 2177 1279 2182 ’

187 2309 307 2400 patula
335 2314 372 2380 et
399 2307 471 2379 sine
499 2311 610 2398 tecte,
651 2311 687 2378 et
720 2307 766 2379 ibi
793 2312 885 2380 stant
913 2308 999 2379 duae
1027 2310 1201 2382 columnae

188 2445 278 2514 intus
306 2444 340 2512 in
369 2441 510 2514 ecclesia
538 2411 657 2512 contra
672 2443 839 2533 parietem
853 2442 1017 2532 aquilenis
1035 2448 1069 2514 et
1085 2448 1205 2514 contra

188 2577 352 2669 parietem
380 2575 559 2647 meridialis
582 2575 717 2666 plagae.
759 2576 841 2647 lllae
869 2577 992 2649 suntin
1009 2579 1203 2650 memoriam

192 2716 228 2783 et
256 2712 291 2781 in
319 2710 448 2800 signum
478 2710 620 2782 duorum
647 2710 808 2801 virorum,
838 2711 895 2801 qui
923 2712 1093 2784 dixerunt:
1128 2709 1206 2783 Viri

185 2843 346 2935 retituet,
382 2843 466 2937 quid
499 2844 599 2916 statie
633 2845 836 2935 uspicientes
868 2845 905 2916 t‘n
940 2843 1094 2917 eoelum?
1155 2845 1203 2915 nt

162 2980 246 3050 rille
260 2979 371 3070 homo,
400 2979 458 3069 qui
485 2979 531 3050 ibi
558 2983 671 3070 potest
685 2981 775 3050 inter
791 2979 957 3070 parietem
979 2984 1014 3052 et
1030 2980 1201 3051 columnas

188 3132 322 3204 repere,
352 3112 441 3185 liber
469 3116 522 3185 est
550 3133 570 3183 a
596 3113 750 3201 peccatis
778 3113 858 3185 suis.

186 3295 286 3364 XXII.
318 3296 417 3364 hunus
440 3297 617 3379 pantorum,
638 3294 830 3374 Bethlehem,
853 3295 1003 3379 spelunea
1019 3298 1051 3363 et
1066 3293 1200 3361 uuelesia

475 3420 479 3441 ι
525 3385 714 3452 nativitatis
737 3385 872 3452 Domini.

267 3515 351 3589 Inde
379 3515 474 3587 venit
500 3516 535 3587 in
561 3516 683 3608 locum,
718 3516 788 3586 ubi
815 3514 991 3604 angelus
1018 3511 1205 3604 pasturi-

187 3651 261 3724 bus
289 3648 509 3742 apperuit,
539 3649 668 3724 dicens:
702 3646 886 3722 Auuuuet‘o
915 3646 1008 3720 uobis
1034 3644 1202 3738 untedium

1025 3769 1045 3834 3
