2782 4290
1139 376 1202 444 173

184 580 293 634 verna
323 538 472 648 quadam
503 557 685 648 requiescit
719 576 873 646 corpus
910 556 1026 629 beati
1052 558 1201 634 Hiero

185 691 309 784 uymi3
353 691 481 763 Paula
512 691 648 782 quidem
686 696 720 762 et
746 689 1045 782 Eustochium,
1081 692 1201 783 quibus

185 829 260 918 ipse
296 826 430 917 scripsit
463 825 707 916 Hieronymus,
743 824 896 898 similiter
928 825 963 895 in
996 824 1200 896 Bethlehem

185 961 342 1053 sepultae
370 960 611 1051 quiescunt.

268 1093 432 1165 Milliam‘o
466 1113 488 1164 a
519 1092 723 1165 Bethlehem
761 1091 891 1164 rehulsit
930 1093 1028 1166 stella
1060 1096 1200 1183 pasto-

185 1230 308 1301 ribus
345 1230 427 1299 nato
455 1228 597 1300 Domino
635 1227 749 1317 eisque
784 1232 968 1317 apparente
1002 1227 1124 1317 angelo
1165 1235 1201 1298 et

186 1363 337 1434 dicente:
376 1358 498 1433 Gloria
524 1361 562 1432 ia
589 1361 731 1434 eccelsia
757 1359 847 1451 Deo,
884 1366 915 1431 et
941 1361 979 1431 ia
1006 1366 1101 1434 terro
1122 1383 1199 1451 poa

184 1495 377 1568 homiuibus
417 1494 522 1567 boaoe
563 1494 773 1576 volontatis,
826 1494 943 1566 Tertio
984 1495 1139 1568 milliario
1180 1516 1202 1566 a

184 1629 388 1702 Bethlehem
416 1629 602 1721 Theaua,
633 1629 804 1720 oppidum,
835 1648 877 1700 ex
905 1651 972 1720 quo
992 1629 1115 1720 almos,
1141 1632 1200 1720 qui

185 1771 222 1838 et
247 1764 297 1836 ibi
323 1763 476 1853 sepultus
503 1765 654 1854 quiescit.
703 1765 834 1855 Quarto
860 1764 1016 1836 milhario
1046 1786 1066 1835 a
1093 1765 1198 1836 Beth-

185 1899 299 1970 lehem
328 1901 450 1968 contra
483 1898 659 1970 meridiem
693 1897 876 1969 ecclesia
910 1899 1027 1971 beati
1055 1897 1201 1971 Chari-

185 2032 316 2121 toniS,
347 2032 421 2120 ubi,
456 2031 530 2120 ipso
558 2036 757 2104 transeunte
786 2031 828 2104 de
861 2031 925 2102 hoc
952 2032 1093 2128 mundo,
1128 2053 1200 2104 mo·

186 2165 286 2239 nachi
301 2165 385 2257 ejus,
416 2165 537 2255 quihus
570 2170 689 2256 pastor
716 2165 790 2255 pius
816 2166 1019 2257 praefuerat,
1051 2187 1127 2237 oum
1154 2186 1196 2237 eo

185 2303 317 2393 pariter
354 2298 632 2389 agonizaverunt,
672 2298 760 2389 quod
789 2319 810 2370 a
836 2300 910 2372 Deo
948 2300 1069 2372 devote
1103 2320 1200 2391 prae-

185 2436 344 2522 scierant,
372 2453 414 2504 eo
437 2432 528 2524 qnod
546 2439 644 2525 pater
667 2454 784 2505 eorum
802 2434 878 2524 pius
901 2435 1084 2507 exstiterat.
1126 2433 1199 2506 Nec

184 2575 262 2660 post
299 2588 377 2641 eum
408 2567 525 2640 uivere
560 2566 720 2639 volebant
757 2567 831 2658 eJus
864 2588 979 2640 amore
1017 2569 1198 2658 ferventes

184 2724 329 2796 quorum
361 2699 569 2789 singulorum
604 2701 819 2801 compagines
855 2701 889 2771 in
928 2702 1070 2774 ecclesia
1103 2724 1201 2793 prae-

186 2837 278 2909 dicta
305 2834 415 2906 videri
441 2823 579 2926 possunt
595 2834 705 2940 ‘modo
734 2835 808 2926 illo,
848 2854 914 2925 quo
948 2856 984 2906 se
1013 2836 1201 2910 habuerant

184 2971 219 3042 in
247 2968 460 3076 desolatione
486 2968 594 3059 patris
628 2988 745 3040 eornm
777 2969 1011 3059 agonizantes,
1047 2971 1201 3043 translati

184 3109 305 3195 postea
332 3103 368 3173 in
393 3100 594 3182 Jerusalem.

264 3236 428 3309 Milliario
456 3256 477 3307 a
503 3234 724 3325 Bethlehem,
754 3237 826 3327 via,
864 3257 952 3329 quae
980 3237 1073 3309 ducit
1099 3236 1199 3310 Jeru-

185 3373 302 3463 salem,
332 3368 597 3460 Ohahratha,
626 3370 731 3458 loom,
760 3371 888 3462 inquo,
923 3393 997 3443 cum
1024 3372 1200 3463 Benjamin

184 3506 378 3599 peperisset
409 3503 589 3595 Rachel,
628 3505 802 3594 occubuit,
847 3506 959 3596 ibique
987 3525 1008 3575 a
1035 3505 1109 3577 viro
1141 3525 1200 3576 suo

186 3641 293 3714 Jacob
327 3637 536 3710 tumulata
575 3639 733 3729 quiescit,
782 3639 878 3729 eujus
920 3637 1046 3708 tumulo
1084 3629 1200 3729 super·
