2782 4290
978 394 983 403 ’
1029 385 1102 507 Ι247

82 579 139 649 est
164 577 201 646 in
226 575 337 649 medio
365 576 439 648 viae
467 577 608 649 duarum
641 577 890 666 praedictarum
923 579 1099 655 civitatum

82 731 147 803 per
169 709 388 783 alemanicum
407 711 549 784 milliare
567 711 772 784 distantium.
816 711 982 804 Tempore
999 713 1099 787 Eliae

39 831 42 838 ’
82 844 236 915 clausum
263 848 338 914 erat
363 845 496 917 coelum
523 844 618 916 annis
646 845 756 917 tribus
785 850 819 917 et
833 847 1001 918 mensibus
1024 869 1095 920 sex.

85 977 183 1048 Inter
216 974 407 1050 Jerusalem
446 980 482 1049 et
515 976 718 1050 Bethlehem
757 978 812 1050 vel
844 977 1004 1069 Ephreta
1046 985 1099 1052 est

85 1130 202 1183 mons
230 1106 357 1199 Gion,
385 1109 421 1180 in
449 1129 515 1199 quo
543 1097 605 1183 rex
632 1109 789 1182 Salomon
821 1110 886 1183 fuit
916 1116 1038 1185 unctus
1063 1118 1101 1187 et

86 1245 284 1332 coronatus,
321 1262 424 1333 super
459 1262 559 1332 quem
593 1240 767 1314 aedificata
806 1244 870 1316 fuit
909 1245 1100 1318 ecclesia
1187 1301 1192 1311 ,

87 1375 205 1449 hecti
233 1372 458 1466 Cypriani,
487 1379 527 1447 ut
553 1395 655 1466 supra
681 1375 806 1448 dictum
835 1382 897 1450 est.
950 1376 1100 1451 Ulterius

86 1529 193 1602 prope
221 1509 310 1582 riam
338 1513 391 1580 eat
416 1508 573 1581 indicium
593 1506 742 1597 ‘magnae
770 1509 917 1601 turris,
946 1513 1005 1584 nbi
1031 1511 1054 1584 J
1062 1531 1100 1584 a·

41 1689 49 1700 ’
87 1642 171 1716 coh
186 1641 378 1714 colluctavit
392 1662 468 1714 cum
486 1643 618 1730 angelo,
635 1641 724 1714 unde
739 1640 825 1714 Gen.
850 1646 911 1716 32.
966 1644 1101 1719 Deinde

86 1776 131 1849 ad
157 1775 308 1849 denham
335 1795 444 1866 prope
471 1775 576 1866 viam,
613 1796 678 1867 qua
705 1776 775 1848 itur
800 1777 834 1846 in
860 1775 1017 1869 Hebron,
1047 1782 1101 1850 est

90 1909 369 2000 sepulchrum
396 1908 617 2001 Rachelis‚
645 1911 760 1982 uxoris
788 1931 886 2000 succ,
922 1909 1012 2001 quod
1039 1930 1101 2000 per
1249 1967 1251 1970 .

88 2061 290 2116 samacenoa
319 2048 439 2115 ornate
467 2049 519 2116 est
547 2048 777 2116 conshuctum
812 2044 917 2116 etad
949 2047 1101 2145 austrum

85 2196 223 2250 versum
248 2175 417 2250 habentes
444 2176 492 2249 ibi
518 2177 729 2266 sepulturam
757 2195 883 2265 eorum,
912 2181 949 2248 et
981 2173 1101 2248 dicitur

84 2311 180 2383 locus
208 2306 464 2382 Ohuhrntha.
520 2310 603 2383 Post
630 2310 696 2382 hoc
721 2329 789 2380 uon
816 2309 918 2397 longe
944 2308 1101 2401 perveni·

85 2450 143 2517 tur
170 2440 216 2514 ad
241 2460 400 2532 agrum,
429 2444 546 2535 inquo
573 2463 689 2516 semen
716 2442 900 2533 pisarum
927 2462 988 2515 seu
1014 2441 1102 2513 cice-

86 2598 164 2651 rum
191 2577 275 2648 nutu
302 2576 369 2649 Dei
396 2581 632 2649 commutatum
659 2579 712 2648 est
738 2577 774 2648 in
800 2576 934 2667 lapillos
959 2575 1102 2649 formam

86 2711 239 2802 pisarum
266 2707 428 2781 habentes
456 2714 492 2782 et
518 2709 750 2800 quantitatem.

170 2843 212 2915 In
239 2842 379 2915 civitate
406 2841 661 2914 Bethlehem
696 2863 813 2915 versus
850 2863 1005 2914 occasum
1037 2840 1102 2913 fuit
1179 2909 1187 2915 .

91 2977 276 3050 ecclesia
308 2973 482 3049 Oosmae
523 2980 566 3048 et
600 2974 804 3047 Danriani.
871 2975 909 3046 ln
947 2975 1102 3064 ingressu

89 3113 207 3202 itaque
233 3109 410 3200 maj0ris
437 3108 648 3182 ecclesiae
676 3128 698 3179 a
725 3105 866 3197 dextris,
896 3107 996 3199 juxta
1023 3105 1102 3177 cho·

92 3264 185 3334 rum,
222 3246 274 3314 est
300 3242 410 3314 altare
437 3241 616 3328 designans
641 3241 766 3329 locum,
802 3260 867 3331 quo
900 3238 1019 3310 multi
1047 3237 1105 3308 in·

94 3377 343 3451 nocentium
369 3378 447 3446 sunt
472 3374 699 3447 interemti.
741 3373 870 3446 Ibidem
888 3377 923 3444 et
940 3371 1104 3442 Dominus

95 3513 220 3593 desua
257 3514 311 3582 est
347 3507 634 3594 circumcisus;
674 3505 735 3579 sed
768 3525 790 3575 a
822 3503 964 3577 sinistris
996 3523 1105 3594 prope

98 3647 277 3722 chamum
304 3648 356 3714 est
383 3641 537 3729 altare,
566 3638 624 3713 ubi
650 3639 757 3733 magi
784 3636 828 3712 ad
847 3636 1010 3715 honorem
1025 3637 1106 3717 novi
