2782 4290
1125 389 1145 457 'l

136 587 195 637 seu
223 567 389 639 delicatus
416 567 525 656 fragili
554 587 652 656 aevo,
681 570 825 640 infantili
853 576 981 662 aetate,
1011 577 1146 644 teneros

134 699 281 790 corporis
308 699 417 772 adhuc
433 704 571 790 gereret
586 706 694 773 artus:
710 703 819 774 subito
847 706 969 794 evenit,
998 709 1037 777 nt
1051 705 1144 778 illum
1214 675 1218 687 ⁵

134 833 315 908 triennium
354 835 467 924 gravis
509 835 663 924 corporis
702 837 913 926 opprimebat
953 838 1139 929 aegritudo,

133 969 296 1056 tantaque
319 973 475 1059 arreptus
491 973 544 1040 est
557 969 709 1058 corporis
735 969 904 1059 molestia,
932 976 971 1044 ut
999 971 1141 1060 exiguae

132 1101 359 1173 membrorum
385 1086 631 1190 stringerentur
657 1122 848 1193 compages,
878 1107 915 1175 et
946 1104 1002 1176 vix
1037 1104 1071 1174 in
1100 1126 1141 1176 eo

134 1254 333 1324 permanens
360 1238 469 1306 status
495 1234 639 1307 vicinum
665 1236 856 1308 minabatur
882 1237 976 1310 vitae
1004 1239 1140 1310 exitum.

136 1367 288 1458 Cumque
321 1367 410 1441 istud
444 1373 623 1440 cernerent
656 1374 754 1462 pater
788 1374 823 1440 et
857 1375 983 1461 mater,
1019 1371 1145 1444 editum

134 1522 238 1591 suum,
256 1505 487 1590 aegrotantem
511 1501 650 1594 jamque
676 1524 785 1593 usque
817 1523 905 1593 pene
931 1505 1143 1595 seminecem,

139 1634 247 1706 timidi
292 1635 397 1707 extasi
444 1656 600 1725 novaque
649 1637 773 1709 mentis
824 1638 996 1711 moestitia
1046 1638 1145 1711 valde

134 1769 269 1858 retenti,
298 1789 425 1858 angere
453 1774 647 1860 coeperunt,
677 1772 766 1862 quod
786 1771 935 1844 sobolem
962 1792 1057 1844 suam
1083 1771 1145 1845 sibi

133 1904 290 1993 genitam,
318 1903 445 1974 recenti
471 1904 527 1976 lue
553 1903 711 1976 lassatam
737 1905 931 1996 exitialique
958 1904 1145 1976 discrimine

135 2059 175 2109 ex
203 2037 388 2127 improvisa
397 2041 506 2108 morte
519 2036 688 2110 irretitam
705 2037 780 2109 lore
794 2039 960 2128 viderunt,
990 2037 1145 2128 atilium,

136 2191 237 2260 quem
264 2170 356 2261 prius
384 2170 427 2241 de
453 2170 678 2261 primordialis
704 2171 864 2242 infantiae
893 2171 1063 2244 cunabulis
1091 2170 1146 2242 ab

134 2305 291 2378 lactatum
318 2308 423 2395 atque
450 2305 621 2376 coni'otum
648 2325 754 2395 usque
769 2303 812 2374 ad
823 2304 1005 2375 triennium
1019 2303 1147 2376 nutrie-

134 2440 217 2511 bant
243 2438 376 2528 iilisque
403 2439 621 2530 superstitem
649 2443 684 2510 et
710 2438 892 2510 haeredem
907 2437 1033 2510 habere
1048 2441 1147 2526 opta-

135 2574 225 2663 bant,
250 2573 323 2664 jam
350 2571 444 2664 quasi
471 2572 657 2644 exanimem
684 2592 745 2645 seu
774 2572 958 2652 extinctum
980 2570 1147 2663 glebaque

137 2712 337 2796 coopertum
365 2706 483 2779 dolere
510 2706 691 2795 timebant;
726 2706 787 2778 sed
805 2707 1016 2797 omnipotens
1043 2705 1146 2794 Dens,

136 2841 249 2912 mundi
281 2839 479 2929 fabricator,
508 2841 593 2911 coeli
627 2844 807 2931 terraeque
835 2840 984 2922 limatur,
1014 2860 1148 2911 seruum

137 2995 234 3046 suum
241 2973 403 3047 infantem
415 2979 450 3047 et
459 2973 570 3045 adhuc
581 2973 740 3047 inoletum
756 2972 962 3063 exilibusquo
977 2973 1146 3045 membro·

143 3129 216 3181 mm
250 3107 471 3200 compagibus
498 3113 654 3179 tenerum
686 3106 946 3196 hominibusque
982 3107 1147 3179 incertum

137 3242 233 3314 illum
263 3242 305 3313 de
333 3243 483 3334 corporis
501 3241 672 3331 ergastulo
700 3239 810 3312 adiiuc
841 3240 987 3313 educere
1002 3241 1149 3328 nolebat,

138 3376 199 3448 sed
231 3380 271 3447 ut
308 3376 422 3448 multis
454 3380 573 3466 postea
606 3396 669 3466 per
695 3374 812 3446 orbem
839 3394 900 3446 sua
927 3394 1045 3445 norma
1071 3391 1152 3445 noo-

140 3510 251 3601 phytis
279 3510 397 3600 patula
423 3509 591 3598 panderet
617 3508 705 3580 vitae
732 3506 892 3598 praemia.
