2782 4290
201 455 267 520 436

201 629 336 703 derHerr
353 623 493 694 angeblich
517 622 658 691 gebuuden
681 638 742 676 war.
778 619 914 689 Golgutha
932 619 993 685 342,
1018 619 1123 673 Innom.
1142 617 1212 675 vll.

200 745 220 782 s.
243 728 293 782 100
310 726 327 780 f.
346 723 527 796 (flagellatus).
571 721 645 774 Inter
670 736 802 774 carcerem
827 721 854 773 et
873 720 991 772 montem
1009 716 1149 771 Calvariao
1168 732 1213 771 co·

200 826 292 880 lumna
319 826 374 888 est,
403 822 449 876 ubi
473 820 598 874 Christus
629 819 730 887 ligatus
753 817 812 872 fuit.
864 815 1005 870 Tudebore
1035 815 1080 869 bei
1107 815 1212 884 Vogl'rd,

200 923 261 992 ngr.
279 923 339 977 412.
359 953 392 963 -
412 937 531 974 versus
556 918 735 988 leguntur]
761 917 841 971 Diese
866 917 948 969 worte
973 914 1145 970 wiederholte
1168 914 1212 969 ich

199 1037 251 1076 nur
269 1036 317 1074 aus
336 1020 383 1074 der
401 1017 598 1086 vollsttndigen
617 1017 721 1071 rubrih:
745 1013 901 1085 Sequuntur
926 1013 1010 1083 aliqui
1033 1029 1142 1078 versus,
1166 1011 1213 1081 qui

201 1120 229 1173 in
247 1117 326 1173 Locis
345 1120 455 1172 sanctae
474 1115 600 1170 Civitatis
620 1113 730 1168 diversis
749 1114 877 1181 leguntur
896 1112 936 1183 (K
953 1112 1023 1182 532).

274 1217 314 1271 ll.
342 1216 574 1289 meditullium
599 1213 728 1283 terrae]
760 1210 882 1266 Dariiher
906 1209 958 1278 vgl.
983 1208 1104 1279 Philippi
1127 1207 1211 1263 deser.

199 1314 229 1370 T.
249 1314 274 1370 S.
294 1314 349 1369 und
368 1315 409 1368 die
429 1331 499 1368 anm.
516 1308 673 1368 Neumanns
693 1327 715 1364 a.
735 1327 757 1364 a.
777 1327 800 1363 o.
819 1309 861 1365 37.
893 1309 948 1363 Der
966 1306 1141 1362 athilrlaus
1159 1305 1210 1374 (ed.

200 1411 331 1466 Werlauff
346 1412 391 1480 30)
411 1412 529 1467 schreibt
546 1429 599 1465 von
617 1410 664 1464 der
683 1410 837 1464 weltmitte:
856 1407 951 1477 Ibique
969 1407 1010 1461 sol
1028 1404 1099 1460 festo
1119 1404 1145 1460 S.
1163 1405 1209 1460 Jo-

198 1510 296 1564 hannis
314 1511 370 1564 stat
388 1510 415 1563 in
435 1512 526 1564 centro
545 1510 619 1563 coeli.
655 1508 704 1563 Ich
723 1508 799 1562 weiss
819 1506 908 1570 nieht,
937 1523 977 1558 wo
995 1505 1075 1561 Jesus
1094 1504 1149 1558 und
1167 1502 1209 1556 die

201 1608 233 1661 12
259 1607 361 1677 apostel
389 1608 457 1661 nach
487 1607 573 1661 einem
598 1608 754 1676 Anonymus
778 1605 821 1659 bei
845 1604 874 1658 0.
898 1603 926 1656 O.
945 1601 1016 1656 Rafn
1044 1601 1209 1672 (Antiquitbs

198 1721 287 1759 russes
306 1707 331 1770 2,
349 1706 417 1774 422)
442 1706 469 1759 in
489 1706 536 1760 der
554 1706 712 1773 grablirche
736 1723 767 1759 zu
787 1704 888 1758 suehen
906 1701 979 1758 siud:
996 1702 1029 1755 In
1047 1701 1149 1771 templo
1168 1717 1209 1755 so·

196 1801 302 1874 pulchri
320 1807 384 1858 sunt
402 1804 478 1858 sedes
490 1804 568 1869 xm,
586 1804 632 1859 ubi
651 1804 782 1859 Dominus
801 1803 893 1857 noster
907 1801 931 1856 J.
951 1800 980 1854 C.
999 1816 1062 1855 cum
1080 1797 1209 1870 apostolis

197 1901 252 1956 suis
262 1902 432 1967 consedebat,
443 1920 512 1972 quae
522 1902 612 1957 omnia·
623 1903 711 1957 lucido
728 1920 792 1957 auro
806 1903 956 1955 corruscant.
969 1931 1003 1939 —
1022 1896 1179 1967 lampade
1190 1938 1209 1950 ..

196 1999 424 2070 dependente]
445 2002 467 2055 T
485 2001 523 2065 M,
543 2001 675 2070 pendente
693 2001 724 2065 Β,
749 2001 766 2054 l.
783 1999 887 2068 jugiter
905 1998 1023 2052 ardente.
1064 1995 1209 2051 Affirmuut

195 2098 304 2169 insuper
320 2100 353 2154 K.
372 2132 405 2139 --
430 2099 600 2170 pretiosis
625 2100 683 2170 liq.
702 2117 725 2153 a.
745 2100 798 2169 an]
824 2116 896 2163 mss,
920 2097 1028 2168 pretios.
1053 2096 1208 2164 unguentis.

195 2195 240 2266 liq.
251 2213 283 2251 ac
297 2214 333 2252 ar.
344 2197 377 2253 K.
401 2232 434 2239 „
462 2200 657 2253 involutum
682 2199 714 2253 in
740 2197 833 2267 siud]
853 2197 931 2262 ΒΜ,
955 2195 1157 2266 involutumque
1180 2193 1208 2248 in

196 2311 216 2349 s.
236 2295 266 2359 Τ,
287 2296 316 2350 in
335 2296 415 2366 Synd.
440 2297 538 2352 munde
556 2295 667 2352 involvit
685 2297 717 2350 Κ,
737 2296 878 2350 —haud
904 2295 1006 2363 longe
1032 2293 1109 2365 sep]
1130 2292 1152 2347 T
1170 2290 1207 2355 M,

195 2395 222 2446 et
239 2393 303 2450 hinc
321 2395 394 2450 haud
412 2397 491 2464 longe
509 2396 633 2460 Krinner,
653 2395 699 2449 der
718 2394 822 2449 freilich
840 2394 960 2448 besseres
978 2393 1034 2446 hat.
1058 2392 1115 2446 Dor
1127 2394 1207 2445 wort-

193 2489 252 2546 laut
269 2490 307 2546 ist
325 2491 368 2546 bei
386 2493 442 2548 ihm
461 2495 527 2560 hier,
546 2495 594 2549 wie
613 2493 732 2548 nachher
751 2493 856 2555 audere,
875 2492 943 2546 ohne
956 2490 1019 2545 dass
1037 2490 1075 2544 im
1094 2493 1207 2546 wesent·

194 2587 283 2643 lichen
301 2590 344 2644 ein
362 2591 475 2645 a-nderer
494 2591 553 2644 sinn
572 2591 780 2647 heranshommt.
800 2623 832 2632 -
853 2589 1079 2659 discipulis..
1098 2591 1206 2644 morte

193 2685 305 2758 illius]
326 2686 348 2741 T
367 2687 399 2753 Β,
418 2706 451 2742 m.
471 2689 529 2758 ejus
547 2690 583 2745 M.
603 2690 676 2756 disc,
694 2692 727 2746 de
745 2693 830 2746 morte
848 2691 882 2745 D.
901 2689 991 2743 invia
1010 2704 1160 2743 sermonem
1179 2691 1206 2742 ot

194 2783 379 2853 quaestionem
404 2786 564 2840 habentibus
588 2789 620 2842 K.
660 2789 715 2843 Fur
740 2791 787 2843 das
806 2786 1002 2855 naehfolgende
1020 2785 1164 2841 tendentes
1183 2785 1205 2840 T

193 2886 263 2938 setae
281 2884 325 2938 ioh
344 2884 525 2939 tendentibus.
536 2917 569 2925 —
579 2885 621 2940 Ni
629 2903 688 2957 cop
696 2887 725 2940 ol
733 2887 786 2956 im]
801 2886 985 2956 eleutropolim
996 2885 1018 2938 T
1028 2884 1060 2950 Β,
1074 2885 1204 2941 eleutero·

192 2966 276 3051 polim
294 2981 330 3047 Μ,
349 2981 575 3053 Eleutheropolim
593 2986 625 3039 K.
663 2985 753 3039 Solbst
778 2985 864 3039 dieser
888 2983 1054 3038 verbesserte
1073 3001 1102 3038 es
1120 2984 1203 3059 nieht.

193 3078 271 3134 Auch
289 3079 405 3151 Philipp.
426 3081 452 3152 (l.
472 3085 505 3145 o.)
532 3084 582 3136 hat
599 3083 812 3153 Eleutheropolis
831 3082 874 3136 fiir
892 3079 1036 3152 Nicopolis.
1073 3083 1202 3151 Dagegon

193 3177 230 3231 ist
255 3176 325 3233 beinr
343 3180 496 3234 Antoninus
516 3181 544 3234 M
562 3181 776 3250 Eleutheropolis
801 3199 833 3234 zu
851 3180 1031 3250 Eliotropolis
1054 3179 1201 3251 Heliopolis

190 3275 377 3332 versehrieben
390 3279 471 3349 (107),
490 3311 525 3319 -
544 3279 665 3333 statim
685 3279 874 3349 disparuit]
893 3277 916 3332 B
934 3278 971 3347 M,
989 3278 1011 3331 T
1031 3279 1070 3346 (et
1089 3278 1201 3349 statim),

191 3373 237 3444 qui
253 3377 358 3441 tamen,
384 3377 485 3446 apertis
504 3394 596 3431 eorum
615 3377 700 3431 oculis
720 3377 852 3447 dubioque
871 3394 901 3430 ex
920 3393 1012 3430 eorum
1030 3378 1122 3431 mente
1139 3374 1200 3429 sub·

189 3470 253 3538 lato,
271 3474 364 3528 statim
382 3474 480 3528 iterum
499 3475 631 3544 disparuit
648 3476 682 3532 K.
701 3508 734 3516 ·-
754 3493 833 3530 omn.
860 3492 972 3546 appar.
992 3475 1103 3544 apost.
1128 3472 1199 3527 abs·

189 3586 249 3638 que
263 3571 402 3643 Thema]
417 3590 488 3637 mss,
508 3573 564 3625 solo
579 3573 627 3626 Th.
640 3577 705 3627 tunc
718 3590 781 3627 casu
795 3574 905 3629 absente
917 3574 950 3628 K.
964 3605 997 3612 ψ
1012 3588 1126 3642 appar.
1145 3570 1197 3625 Th.

189 3684 261 3723 curn
280 3669 428 3740 reliquis
448 3669 705 3740 disc..obtulit]
730 3688 801 3736 mss,
830 3689 920 3743 appar.
945 3671 1001 3725 suis
1025 3669 1118 3739 discip.
1147 3684 1196 3723 una

189 3781 249 3819 cum
269 3766 370 3821 Thomu
389 3767 574 3835 congregatis:
594 3769 621 3821 et
640 3768 793 3837 specialiter
811 3769 930 3824 Thomas
949 3769 983 3822 ad
1002 3767 1195 3822 eximendama
