2782 4290
289 395 355 460 aas
482 367 485 371 ’

289 574 499 646 maritima
532 593 609 644 cum
641 551 716 643 tota
748 576 842 642 terra
867 569 1057 661 Phihathn,
1086 570 1250 661 incipieus
1277 591 1298 640 a

289 708 392 780 Petra
418 707 522 778 incisa
550 711 586 778 et
614 706 801 778 extendens
829 726 865 777 se
889 705 932 776 ad
948 704 1085 793 Gazam,
1113 702 1299 775 fnitTerra

290 839 415 912 Sancta
455 845 574 911 contra
620 845 780 911 austrum.
851 839 970 912 Tertia
1010 843 1062 909 est
1101 836 1298 924 metropolis

289 974 472 1047 Bethsan
496 973 556 1046 suh
582 977 698 1044 monte
720 971 862 1046 Gelhoe.
901 971 996 1044 Haec
1014 971 1196 1063 „quondam
1218 968 1300 1059 Scy-

291 1108 441 1199 thopolis
474 1106 669 1197 dicebatur,
711 1108 769 1179 uhi
802 1128 965 1199 suspensa
997 1109 1098 1179 erant
1131 1103 1301 1176 cadavera

290 1242 435 1312 militum
457 1239 576 1312 Saulis.
621 1241 693 1311 Ista
711 1239 905 1312 Palaestina
924 1240 1060 1331 proprie
1083 1239 1207 1311 dicitnr
1226 1236 1301 1311 Ga·

291 1373 433 1465 lilaea,
461 1373 496 1443 in
524 1393 590 1464 qua
617 1379 668 1445 est
695 1393 830 1463 campus
857 1373 1037 1464 Esdrelon,
1067 1394 1152 1465 quae
1180 1370 1300 1459 incipit

293 1528 314 1577 a
347 1505 498 1579 Jordane
531 1506 652 1577 minori
691 1512 725 1577 et
757 1507 965 1579 contrahitur
998 1511 1115 1579 contra
1151 1511 1302 1577 austrum

144 1629 145 1633 ¹
292 1659 398 1730 usque
425 1639 469 1711 ad
495 1638 596 1713 Gelin
623 1638 794 1736 (timaee),
821 1642 986 1733 ‚oppidum
1014 1641 1210 1733 collapsum,
1239 1638 1301 1709 sub

223 1777 228 1786 “
293 1773 421 1866 quadro
451 1776 498 1846 37
503 1827 524 1864 .,
560 1775 594 1844 in
621 1775 722 1865 colle,
753 1795 852 1866 qnam
882 1775 917 1845 in
950 1775 1013 1847 hac
1040 1779 1134 1847 carta
1160 1773 1303 1845 viridem

290 1907 382 1999 pinxi
412 1906 580 1978 addictam
613 1906 798 1983 Samariae:
837 1929 923 2013 quae
951 1930 972 1992 a
1004 1908 1179 2000 praedicto
1212 1905 1303 1979 Gilin

291 2040 409 2131 incipit
442 2044 479 2112 et
511 2040 725 2130 protenditur
758 2041 801 2113 ad
834 2041 957 2115 flumen
991 2041 1150 2114 Jordanis
1189 2045 1226 2111 et
1259 2040 1304 2111 ad

291 2173 448 2263 Maginas
488 2173 692 2268 (Machmas)
734 2176 862 2266 quadro
902 2179 982 2267 53.,
1024 2176 1080 2252 cui
1116 2175 1305 2248 annectitur

292 2305 440 2400 Judaee,
476 2327 576 2398 quam
611 2329 687 2379 oum
720 2309 788 2382 suis
813 2311 983 2382 montanis
1011 2310 1166 2383 citrinam
1197 2308 1301 2398 pinxi.

293 2437 446 2512 Galilaea
476 2445 592 2514 autem
625 2442 774 2531 gentium
816 2444 933 2535 incipit
965 2465 986 2515 a
1018 2443 1191 2535 praedicto
1224 2442 1304 2515 Jor-

294 2571 380 2645 dane
407 2573 529 2645 minori
557 2578 593 2646 et
619 2576 829 2666 protrahitur
852 2578 898 2650 ad
923 2578 1113 2669 aquilonem
1139 2577 1183 2649 ad
1209 2597 1304 2648 mon-

293 2709 364 2776 tem
390 2705 528 2798 Lihani,
565 2712 600 2779 et
626 2713 680 2780 est
712 2710 747 2781 in
774 2711 915 2800 regione
943 2712 1170 2804 Decapoleos,
1208 2713 1305 2805 cnjus

295 2839 530 2913 extremitates
564 2847 641 2914 sunt
672 2864 765 2916 mare
793 2841 966 2919 Galilaeae
1001 2847 1044 2918 ab
1072 2846 1218 2937 oriente,
1255 2845 1306 2916 Si·

295 2971 364 3045 don
391 2973 433 3044 ab
463 2974 645 3067 occidente,
672 2976 858 3050 Damascus
885 2979 927 3050 ab
955 2979 1125 3070 aquilone.
1174 2980 1215 3051 In
1242 2980 1315 3052 hoe‘

296 3106 430 3199 quidem
457 3109 583 3181 ambitu
609 3114 688 3182 sunt
714 3110 831 3183 decem
859 3111 1025 3204 civitates,
1054 3113 1217 3203 aquibus
1237 3113 1305 3186 De·

295 3241 451 3334 capoleos
469 3243 564 3335 regio
584 3244 716 3339 dicitur,
739 3265 826 3335 quae
850 3250 927 3317 sunt
951 3245 1114 3337 Tiberias,
1142 3246 1302 3338 Bethsan,

294 3373 465 3465 Jonapata
508 3374 717 3471 (lotapata),
766 3377 909 3470 Sephet,
967 3377 1079 3451 (ledes
1125 3378 1302 3472 Neptalim

294 3505 414 3600 Assur,
445 3507 614 3580 Caesarea
641 3509 797 3602 Philippi,
832 3509 1076 3604 Gaphernaum
1110 3513 1301 3607 Bethsaida,

297 3637 508 3712 chorozaim.
568 3639 652 3714 Sunt
678 3647 790 3716 tamen
817 3644 853 3715 in
879 3666 921 3718 ea
948 3645 1055 3719 adhue
1080 3649 1197 3739 plures
1223 3648 1302 3723 oiri·
1336 3655 1341 3666 '
