2776 4282
533 1343 644 1422 VI.

133 1543 378 1628 innominatus
405 1546 495 1628 iiiii.
552 1547 602 1627 Do
629 1550 734 1628 tonna
766 1547 869 1627 uitia
896 1547 1023 1627 mania.

73 1827 75 1832 ’
154 1807 316 1884 Omnibus
331 1812 521 1885 volentibus
538 1813 673 1886 visitare
700 1817 825 1885 terrani
854 1812 1085 1901 promissionis
1175 1802 1183 1825 ⁸

79 1949 256 2017 ooounuot
281 1945 347 2018 ista
374 1947 460 2018 loea.
549 2025 552 2030 ,

152 2079 302 2152 Primum
335 2081 370 2151 in
405 2081 576 2154 civitatem
614 2079 840 2154 Nazareth.
909 2080 961 2153 ibi
1002 2101 1086 2150 nun·

80 2213 184 2286 cievit
202 2213 342 2302 angelus
360 2217 480 2289 beatae
499 2216 639 2307 Mariae,
671 2220 705 2287 et
723 2216 878 2307 concepit
899 2214 941 2287 de
968 2214 1089 2305 spiritu

78 2354 206 2421 saneto.
974 2439 977 2443 .
1021 2442 1023 2447 Ι

158 2484 284 2556 Postea
311 2485 447 2558 veniens
474 2485 517 2557 ad
535 2486 708 2558 civitatem
734 2484 758 2556 J
764 2485 968 2558 erusaiem
996 2485 1093 2554 entra

78 2639 200 2708 muros,
231 2623 266 2690 et
292 2620 338 2690 ibi
366 2619 518 2692 invenies
545 2620 664 2711 iocum,
693 2621 763 2692 ubi
791 2625 965 2693 sanctus
999 2615 1089 2689 Ste-

78 2753 237 2843 phanus
278 2751 361 2824 fuit
402 2753 629 2845 lapidatus.
704 2754 836 2826 Deinde
873 2754 1012 2824 veniens
1049 2753 1091 2823 ad

80 2889 267 2957 sanetum
293 2888 574 2979 sepulchrum,
612 2887 703 2980 quud
730 2892 783 2960 est
810 2888 845 2958 in
872 2887 982 2958 medio
1012 2887 1092 2958 eivi-

78 3020 157 3092 tatis
185 3019 386 3093 Jerusalem.
421 3021 460 3093 In
487 3023 626 3094 introitu
655 3023 815 3094 ecelesiae
844 3021 952 3094 sancti
979 3021 1090 3118 sepui-

24 3178 28 3183 ·
76 3155 162 3250 chri,
209 3156 243 3226 in
282 3156 401 3228 dextra
433 3161 550 3248 parte,
594 3163 645 3228 est
676 3157 784 3247 iocus,
827 3156 884 3227 ubi
925 3154 1089 3226 Dominus

77 3294 192 3360 noster
226 3290 474 3389 commendavit
505 3291 638 3364 beatam
675 3290 841 3380 virginem
875 3293 993 3360 sancto
1016 3265 1092 3360 nJo-

78 3422 189 3494 hanni.
265 3422 313 3494 Et
358 3424 405 3496 ibi
444 3424 532 3496 intra
577 3424 753 3496 ecelesiam
795 3422 946 3495 invenies
990 3417 1092 3492 Gol-

79 3557 230 3646 gotum
273 3558 426 3648 superius
472 3563 523 3631 est
573 3577 686 3629 mons
734 3555 976 3645 Gaivariae‚
1036 3553 1093 3625 ubi

78 3688 241 3764 Dominus
268 3697 388 3766 noster
414 3691 478 3764 fuit
505 3691 692 3764 crucifixus.
731 3692 855 3764 Postea
878 3688 957 3761 iude
980 3687 1094 3762 venies

881 3812 922 3876 13
