2782 4290
194 435 260 513 258
293 483 311 498 -.

248 617 253 660 '³
266 611 339 684 Sub
361 616 419 684 19.
439 610 567 702 quadro
595 609 732 699 ponitur
758 609 823 681 hoe
852 611 981 699 signum
1003 610 1060 699 n,
1091 613 1128 681 et
1146 615 1205 683 est

191 747 293 834 loeus,
323 746 381 817 ubi
405 744 569 815 Dominus
596 749 741 833 quatuor
758 743 871 814 millia
897 743 1101 834 populorum
1129 763 1204 833 sep-

191 885 261 950 tem
289 879 432 968 panibus
459 877 635 948 saturavit.
684 875 752 948 Sub
780 879 839 947 19.
862 876 991 966 quadro
1015 877 1115 968 juxta
1142 877 1205 946 boo

191 1013 322 1102 signum
341 1011 396 1083 ·V.
424 1011 518 1098 pavit
535 1009 700 1080 Dominus
729 1010 877 1100 quinque
904 1011 1008 1081 millia
1035 1010 1203 1080 bominum

191 1146 336 1236 quinque
361 1143 514 1232 panibus,
536 1143 622 1213 sieut
646 1142 804 1214 scribitur
815 1142 892 1215 Joh.
914 1147 945 1221 6.
987 1142 1055 1214 Sub
1076 1143 1203 1231 quadro

194 1280 371 1368 11111111
407 1275 472 1345 boo
505 1275 636 1363 signum
666 1275 692 1346 C
728 1276 877 1347 centurio
905 1275 1107 1366 supplicavit
1142 1298 1203 1367 pro

190 1432 290 1483 servo
324 1430 395 1480 suo.
463 1407 593 1479 Ibidem
627 1407 791 1480 Dominus
823 1409 997 1480 mundavit
1034 1412 1203 1503 leprosum

186 1545 399 1636 juxtamare
423 1540 606 1613 Galilaeae.
648 1542 762 1632 Prope
790 1542 1084 1631 Kapharnaum
1115 1546 1203 1616 Mat-

189 1676 325 1764 111111,
370 1673 540 1762 Andreas,
589 1674 728 1764 Petrus,
766 1674 915 1746 lacobus
957 1683 991 1747 et
1029 1678 1204 1749 lohannes

191 1810 299 1898 vocati
328 1812 403 1879 sunt
431 1809 463 1876 in
492 1808 696 1896 apostolatu.
745 1806 813 1879 Sub
841 1812 902 1879 21.
927 1811 1055 1900 quadro
1083 1811 1203 1882 Petrus

188 1948 224 2014 et
244 1942 398 2012 Andreas
426 1945 461 2011 et
485 1939 662 2031 Philippus
689 1946 767 2010 sunt
794 1941 1026 2014 aBethsaida.
1071 1942 1150 2016 Job.
1168 1950 1201 2015 1.

44 2095 88 2157 4
188 2080 310 2147 et12.
368 2073 436 2145 Sub
467 2077 527 2144 36.
557 2072 684 2163 quadro
714 2079 767 2144 est
795 2073 1111 2167 Machaornnta,
1144 2080 1201 2149 ubi

187 2209 369 2283 decollatus
397 2213 447 2278 est
474 2204 644 2278 lohannes
673 2206 838 2297 Baptista.

269 2341 466 2428 Stagnum
488 2339 632 2410 Maron
659 2344 814 2428 tompore
841 2342 969 2414 aestivo
990 2363 1052 2433 pro
1080 2366 1202 2435 magna

187 2482 286 2567 parte
319 2474 520 2548 exsiccatur.
577 2472 674 2544 Unde
709 2479 867 2543 crescunt
908 2474 952 2545 ibi
992 2470 1131 2548 arbusta
1166 2485 1201 2549 et

185 2610 310 2684 herbae
339 2605 481 2694 densae,
516 2607 549 2676 in
578 2606 695 2695 quibus
723 2605 859 2676 latitant
890 2608 1007 2681 leones
1044 2616 1078 2681 et
1112 2611 1199 2681 aliae

185 2739 332 2827 bestiae,
368 2745 402 2808 11
436 2747 512 2810 sunt
552 2739 598 2810 ibi
638 2738 853 2811 delectabiles
893 2744 1102 2815 venationes.
1159 2746 1197 2815 ln

186 2865 318 2941 modica
345 2864 505 2972 distantia
539 2894 658 2943 versus
694 2872 882 2961 aquilonem
920 2875 1050 2963 signavi
1087 2877 1197 2949 locum

185 3019 257 3068 oum
291 3002 417 3094 gladio,
464 3006 521 3077 ubi
559 3003 665 3076 Josue
713 3007 877 3094 pugnavit
924 3015 1044 3080 eontra
1083 3031 1199 3101 regem

184 3131 293 3205 Assur
321 3142 355 3206 11
382 3130 465 3209 abas
495 3141 545 3208 24
573 3159 692 3228 reges,
723 3159 806 3229 quos
833 3147 1034 3231 persecutus
1063 3151 1117 3214 est
1143 3166 1198 3241 us-

183 3288 249 3370 que
269 3268 427 3343 Sidonem
455 3271 711 3360 geminatodie
740 3279 775 3343 et
805 3272 877 3345 sole
906 3280 1041 3368 stante„
1086 3275 1197 3349 Unde:

185 3400 307 3474 Gloria
342 3403 472 3475 Liboni
506 3410 537 3476 et
571 3405 672 3476 decor
708 3403 859 3477 Carmeli
893 3413 924 3477 et
964 3405 1092 3510 Soron
1113 3411 1196 3482 doto

182 3540 231 3640 est
263 3537 303 3640 el.
349 3537 391 3609 Is,
422 3541 482 3608 35.
516 3538 577 3608 -A
610 3536 734 3609 Sidone
767 3546 895 3644 contra.
920 3543 1114 3632 aquilonem
1153 3545 1195 3641 ad

183 3641 264 3736 duas
284 3669 393 3745 dietas
414 3675 510 3740 extra
529 3669 670 3740 Terram
688 3670 854 3760 Sanctam,
885 3674 919 3743 in
941 3681 1040 3784 porta
1065 3673 1193 3777 (portu)
