2782 4290
1135 391 1198 457 loa

184 590 309 643 verens
335 572 488 641 montem
510 566 601 659 Sion,
630 575 772 643 vocatur
789 575 915 660 porta
930 567 1080 662 ferrea,
1111 593 1198 664 quae

183 705 279 777 ultro
306 703 373 775 fuit
398 708 517 795 aperta
543 702 666 791 angelo
695 709 732 776 et
759 704 872 776 Petro.

270 837 309 909 ln
347 837 502 929 opposito
538 837 616 908 atrii
654 838 696 909 de
733 839 878 928 templo,
918 838 1048 910 scilicet
1084 860 1201 912 versus

184 972 456 1062 septentrionem
483 970 527 1042 ad
552 977 696 1063 portam,
726 993 792 1064 qua
819 973 889 1044 itur
903 972 946 1043 ad
960 973 1083 1043 vallem
1101 972 1202 1045 losa-

186 1108 285 1198 pbat,
325 1109 377 1178 est
416 1104 597 1177 ecclesia
634 1125 757 1194 magna
794 1105 828 1175 in
869 1105 997 1177 honore
1025 1112 1201 1180 sanctae

187 1241 333 1312 Annae
361 1243 562 1327 constructa,
592 1239 626 1308 in
654 1260 720 1329 qua
742 1260 804 1329 per
821 1239 987 1328 picturam
1003 1241 1198 1331 ostenditur,

190 1394 257 1465 qua
285 1373 503 1463 dispositione
532 1379 567 1442 et
595 1372 821 1444 admonitione
854 1373 968 1446 divina
996 1396 1037 1446 ex
1064 1375 1139 1465 ipsa
1168 1381 1202 1446 et

188 1507 346 1580 Joachim
377 1508 421 1579 sit
454 1511 620 1596 concepta
657 1507 758 1577 beata
795 1508 908 1603 virgo,
947 1509 1031 1581 sicut
1065 1509 1099 1580 in
1132 1509 1202 1581 vita

188 1643 314 1715 beatae
341 1640 461 1712 Annae
488 1626 615 1728 largius
643 1640 867 1732 cognoscitur,
897 1641 991 1732 cujus
1019 1642 1142 1715 festum
1169 1644 1203 1712 in

189 1777 245 1848 die
272 1776 381 1848 sancti
407 1773 526 1846 Jacobi
552 1774 690 1865 majoris
718 1794 793 1844 cum
830 1794 952 1863 magna
986 1775 1201 1847 solemnitate

188 1909 317 1982 ibidem
344 1909 548 1981 celebratur:
577 1907 630 1978 cni
657 1927 816 1997 praesens
842 1906 989 1980 interlui.
1025 1910 1066 1979 ln
1084 1909 1202 1980 eadem

190 2042 337 2116 ecclesia
371 2041 478 2114 servit
512 2041 585 2113 Deo
620 2040 798 2129 collegium
831 2041 1134 2114 sanctimonialium
1169 2049 1203 2114 et

187 2177 320 2248 utinam
359 2179 652 2273 sacrosanctarum.
709 2172 748 2242 ln
783 2174 876 2244 exitu
909 2175 1062 2267 ejusdem
1097 2176 1203 2247 eccle-

189 2313 278 2402 siae,
315 2310 359 2381 ad
387 2309 539 2382 dextram
566 2329 701 2379 manum
731 2327 797 2377 non
825 2307 942 2399 longe,
976 2330 1039 2400 per
1066 2310 1201 2382 diverti-

190 2446 304 2518 culum
325 2450 377 2516 est
393 2442 615 2534 probatica
640 2440 817 2532 piscina,
839 2435 938 2532 quam
953 2442 1205 2533 temporalem

191 2579 301 2651 certis
338 2577 489 2649 terminis
529 2575 669 2664 angelus
705 2574 840 2645 Domini
884 2576 1014 2649 solebat
1053 2599 1201 2649 movere.

191 2714 391 2805 Quicunque
428 2719 541 2783 autem
577 2708 727 2780 infirmus
767 2714 844 2798 post
879 2711 1060 2782 motionem
1097 2732 1205 2802 aquae

191 2847 290 2939 prior
316 2844 474 2935 intrabat,
504 2863 738 2936 aquacunque
763 2842 978 2915 detinebatur
997 2844 1204 2937 infirmitate,

192 2994 298 3054 sanus
325 2977 435 3051 fiebat.
473 2975 670 3075 Πρόβατον
687 2997 812 3067 graece
835 2979 983 3067 pecualis
1001 2980 1134 3071 dicitur,
1164 3000 1206 3052 eo

193 3113 287 3208 quod
321 3113 357 3183 in
383 3110 550 3183 sacrificiis
581 3111 661 3183 inde
688 3111 841 3183 solebant
872 3113 965 3183 ablui
1000 3119 1076 3185 exta
1108 3134 1207 3204 pecu-

195 3250 295 3338 dum;
325 3252 400 3318 erat
425 3244 547 3337 quippe
574 3244 682 3317 rubea
707 3265 796 3334 aqua
824 3268 865 3317 ex
891 3247 1019 3337 hostiis,
1050 3266 1136 3336 quae
1162 3244 1208 3315 ibi

196 3380 459 3455 mundabantur.
513 3377 605 3449 Ante
638 3377 848 3468 probaticam
882 3379 1044 3469 piscinam
1077 3375 1209 3464 langui-

198 3516 280 3587 dum
307 3513 447 3586 sanitati
474 3512 627 3586 restituit
654 3510 764 3601 lesus,
794 3512 909 3584 dicens
936 3511 983 3582 ei:
1012 3509 1104 3582 Tolle
1127 3528 1210 3598 pru-

199 3648 317 3722 butum
343 3652 440 3720 turam
467 3650 499 3718 et
525 3644 639 3718 ornant
664 3699 672 3716 .

1001 3763 1041 3828 ll
1052 3760 1070 3802 '¹‘
