2782 4290
1157 368 1230 440 37.

190 611 304 681 XXVI.
327 614 520 692 Jerusalem,
537 615 658 694 Emesa,
681 615 873 698 Selemeida,
893 620 949 687 nbi
971 619 1027 688 diu
1044 620 1200 704 infirmus,

460 721 578 788 iterum
600 723 722 803 Emesa,
745 724 928 791 Damascus.

267 939 314 1012 Et
340 941 420 1012 inde
447 939 542 1012 venit
568 941 670 1013 ter‘aia
696 942 772 1015 vice
800 942 851 1015 'ad
877 941 1134 1037 Jerusalem,
1164 953 1200 1022 et

185 1076 235 1147 ibi
261 1074 325 1147 fuit
350 1079 458 1146 totam
484 1073 639 1147 hiemem.
675 1074 723 1146 Et
749 1073 826 1148 inde
847 1079 969 1168 pergit
997 1100 1100 1169 super
1117 1078 1200 1153 OOC

186 1209 294 1281 millia
319 1209 365 1280 ad
391 1209 510 1281 urbem
537 1207 732 1280 Emesam
759 1210 794 1281 in
816 1209 923 1302 Syria,
953 1216 991 1284 et⁴
1013 1213 1091 1286 inde
1107 1215 1201 1287 venit

188 1327 231 1414 ad
260 1342 380 1415 urbem
407 1341 690 1415 Salamaitha.
733 1342 796 1414 Illa
823 1349 877 1416 est
903 1345 938 1415 in
956 1345 1113 1419 extremis
1126 1345 1200 1419 fini-

187 1477 250 1549 bus
278 1475 415 1568 Syriae,
457 1481 494 1548 et
531 1476 577 1549 ibi
604 1482 679 1549 erat
704 1477 762 1548 ille
788 1481 896 1550 totum
924 1479 1200 1569 quadragesimae

188 1615 334 1702 tempus,
364 1611 444 1701 quia
470 1609 621 1684 infirmus
647 1609 713 1683 fuit
741 1616 775 1683 et
793 1632 861 1684 non
878 1618 1017 1702 poterat
1042 1633 1198 1704 pergere.
1256 1656 1261 1664 ·

188 1743 279 1816 Socii
306 1743 397 1837 ejus,
438 1745 495 1835 qui
523 1766 599 1817 curn
627 1765 667 1816 eo
704 1750 801 1818 erant
836 1747 871 1817 in
908 1746 1087 1838 comitatu,
1123 1768 1201 1838 per·
1304 1814 1307 1819 .

187 1883 352 1949 rexerunt
364 1878 408 1950 ad
421 1898 538 1968 ragam
557 1897 823 1972 samaaenarum,
840 1879 974 1951 nemine
989 1882 1200 1972 mymnumni,

188 2016 225 2084 et
251 2012 434 2087 voluerunt
468 2031 591 2102 regare
623 2011 674 2082 illi
712 2013 910 2103 epistolam,
939 2018 977 2085 ut
1004 2019 1200 2105 pergerent,

190 2150 227 2218 et
252 2166 320 2217 non
347 2149 509 2239 poterant
535 2145 687 2219 invenire
715 2166 842 2236 regem,
872 2147 951 2236 qnia
967 2147 1039 2237 ipse
1057 2145 1200 2237 fugerat,

188 2278 283 2353 foras
324 2286 422 2353 extra
461 2279 635 2368 regionem
674 2280 785 2370 illam,
833 2278 1072 2352 infirmitatem
1099 2283 1202 2369 atque
1324 2266 1328 2271 ⁴

191 2413 333 2505 cladem,
363 2435 450 2505 quae
476 2418 552 2487 erat
577 2434 679 2505 super
705 2414 881 2504 regionem
906 2413 1008 2486 illam.
1052 2410 1202 2504 Cumque

190 2547 239 2618 iili
266 2568 332 2620 non
359 2548 553 2621 invenirent
572 2569 704 2644 regem,
722 2548 903 2621 veniebant
924 2547 1057 2638 iterum,
1088 2551 1123 2619 et
1135 2546 1202 2619 illia
1332 2548 1336 2552 ’

189 2687 363 2754 morantes
395 2683 493 2756 simul
527 2683 562 2754 in
591 2681 862 2774 Salamaitha‚
899 2682 1109 2775 usquedum
1137 2700 1204 2751 una

192 2820 284 2888 esset
310 2815 521 2890 hebdomada
547 2820 627 2889 ante
653 2815 789 2908 paseha.

273 2947 366 3021 Tune
395 2957 561 3024 venerum
588 2951 710 3023 iterum
739 2950 782 3024 ad
808 2947 1014 3038 Emesam,
1043 2952 1079 3019 et
1105 2966 1204 3035 rega

193 3085 318 3153 verrmt
344 3083 438 3156 illum
464 3085 655 3175 praesidem
693 3084 775 3155 dare
814 3083 880 3154 illis
897 3080 1101 3172 epistolam.
1157 3077 1205 3150 Et

191 3215 289 3288 dedit
319 3216 386 3290 illis
424 3218 615 3310 epistelam,
651 3216 780 3290 duobus
814 3221 850 3288 et
877 3216 1023 3305 duobus,
1052 3213 1130 3303 quia
1155 3209 1204 3281 illi

190 3370 258 3421 nen
286 3355 449 3440 poterant
475 3353 573 3425 simul
599 3371 757 3443 pergere,
785 3349 845 3423 sed
872 3350 939 3422 duo
960 3354 997 3421 et
1017 3347 1095 3433 due,
1125 3343 1204 3432 quia

189 3483 324 3558 facilius
363 3486 409 3559 sic
441 3488 627 3576 potuerunt
659 3485 820 3557 alimenta
847 3483 1000 3556 obtinere
1027 3477 1101 3549 illis.
1155 3473 1204 3544 Et

189 3627 272 3694 tune
301 3624 467 3692 venerunt
494 3621 528 3691 in
554 3601 805 3693 Damascum.
