2782 4290
189 449 251 515 182

190 650 338 719 arcuque
373 647 433 699 sue
468 626 587 699 ducem
619 647 725 699 suum.
779 610 876 698 Unde
908 625 1022 698 iurare
1049 626 1200 716 repletus

189 769 223 836 et
248 764 300 834 ira
327 763 390 833 ait:
422 759 541 833 Occidi
567 759 680 831 rtrum
706 761 744 832 ia
770 759 894 831 amaus
921 780 1032 867 meum
1059 762 1091 830 et
1116 758 1201 830 ado·

187 895 405 969 lamentatum
431 893 468 964 ia
496 893 635 966 livorem
661 915 773 966 rreum
801 898 867 965 ete.
904 893 958 964 De
975 892 1062 965 Kain
1084 892 1200 965 Domi·

188 1043 251 1102 nus
277 1028 505 1119 praedixerat:
536 1027 672 1119 Omnis,
702 1029 762 1120 pei
789 1025 950 1100 occiderit
975 1025 1093 1115 Kaira,
1123 1048 1200 1117 sep-

187 1163 318 1255 triplam
339 1161 515 1253 punietur.
562 1161 713 1252 Septima
742 1161 896 1234 milliario
925 1182 945 1231 a
971 1160 1059 1232 Kain
1086 1166 1200 1233 monte

189 1318 304 1369 mons
333 1294 537 1385 Carmeli,
567 1295 609 1367 de
638 1317 704 1386 qun
730 1295 764 1365 in
793 1294 939 1366 Cantieis
966 1291 1198 1366 Canticorum:

194 1427 325 1501 Collum
353 1433 448 1500 taum
474 1404 512 1499 at
541 1426 739 1500 Carmelus:
766 1429 799 1499 in
828 1449 895 1519 qua
926 1450 988 1520 per
1021 1429 1200 1520 plurimum

191 1569 323 1655 tempus
351 1563 544 1635 conversari
564 1562 671 1635 voluit
697 1563 814 1634 beatus
841 1561 935 1634 Elias
963 1563 1103 1655 ejusque
1131 1562 1198 1634 dis·

196 1696 325 1786 cipulus
351 1696 528 1770 Helisaeus
555 1717 631 1768 cum
659 1716 711 1767 eo.

191 2002 239 2070 24.
280 2000 460 2083 Phoenicia,
484 1994 635 2085 Libanus,
663 2004 778 2089 Tyrus,
808 2003 953 2086 Sarepta,
978 2000 1084 2082 Sidon,
1108 2003 1203 2088 Bery-

277 2109 342 2187 tus,
371 2107 507 2192 Arphat.

270 2362 463 2436 Idumaeam
492 2370 528 2434 et
556 2364 826 2436 Phoenicium
854 2363 973 2435 dividit
999 2363 1201 2438 Libanus:

188 2497 413 2586 Phoeniciam,
442 2497 477 2567 in
506 2519 573 2588 qua
601 2497 692 2589 Sors,
721 2498 756 2569 id
785 2503 846 2588 est,
876 2497 1027 2589 TyruS,
1063 2500 1204 2590 phaeni-

130 2601 138 2607 “
190 2652 265 2702 cum
305 2630 512 2702 nobilissima
544 2632 681 2722 civitae,
722 2630 931 2722 metropolis,
970 2651 1058 2722 quae
1090 2631 1203 2706 Chris·

191 2763 276 2837 tum'
291 2763 581 2854 perambulantem
607 2765 641 2836 in
669 2766 847 2856 maritima,
873 2769 914 2836 ut
939 2765 1008 2856 syri
1036 2772 1200 2857 asserunt,

189 2898 341 2989 recipere
375 2899 500 2990 noluit,
536 2920 621 2991 quae
657 2905 710 2990 et,
746 2899 857 2972 divina
889 2903 1040 2972 testante
1068 2901 1201 2991 pagina,

190 3034 356 3121 martyres
376 3032 451 3106 Dea
479 3034 639 3126 reddidit,
670 3055 810 3125 querum
839 3033 912 3126 ejus
934 3033 1037 3106 solius
1061 3034 1202 3107 scientia

190 3185 364 3236 numerum
378 3167 526 3259 collegit.
567 3168 675 3260 Tyrus
693 3166 866 3257 Originem
882 3167 1083 3239 tumulatum
1104 3170 1201 3242 celat.

189 3299 282 3372 Ante
310 3299 438 3391 Tyrum
471 3301 557 3391 lapis
588 3303 645 3374 ille
678 3321 886 3375 marmoreus
918 3301 1010 3374 haud
1041 3303 1201 3394 modicus,

192 3455 296 3524 super
324 3455 425 3525 quem
453 3435 541 3507 sedit
559 3435 667 3528 lesus,
697 3408 831 3511 illaesus
857 3458 878 3508 a
905 3440 1059 3529 tempere
1079 3435 1204 3510 Christi

192 3590 297 3660 usque
326 3569 369 3640 ad
397 3570 625 3659 expulsionem
652 3572 802 3661 gentium
829 3572 872 3645 ab
899 3570 1000 3663 urbe,
1033 3572 1095 3645 sed
1127 3593 1201 3665 pes·

191 3701 283 3780 tinde
317 3701 444 3780 metus
478 3725 499 3776 a
531 3703 652 3780 francis
685 3710 721 3780 et
747 3706 919 3782 veneticis.
977 3704 1088 3798 Supra
1121 3726 1200 3781 vem
