2782 4290
286 414 349 483 150

338 595 514 666 tollitur
548 595 597 666 ad
630 615 803 686 superos
837 594 981 667 meriti
1012 593 1294 667 moderamine

387 729 538 820 justus.

341 887 508 960 Gaudet
541 887 674 976 homo,
717 887 939 978 trepidant
972 908 1126 978 munes,
1165 886 1295 976 gemit

393 1021 523 1092 omnis
550 1019 733 1110 abyssus.

341 1182 418 1252 Est
446 1200 646 1252 excessus
672 1179 785 1251 Adae
814 1179 985 1253 Christo
1014 1179 1293 1252 venientere-

370 1315 557 1412 missus

372 1472 455 1545 Item
486 1471 622 1562 ibidem,
652 1471 711 1542 sed
739 1493 801 1563 per
828 1471 991 1544 medium:

348 1632 430 1707 Sub
472 1631 639 1702 tumulo
680 1632 840 1724 lapidis
881 1632 972 1704 dum
1013 1632 1070 1704 sic
1112 1631 1311 1706 Christus

399 1766 654 1856 tumulatur,

348 1903 439 1994 ejus
479 1899 529 1970 ad
569 1900 769 1989 exequias
808 1898 965 1971 homini
1008 1899 1166 1975 coelum
1201 1920 1311 1973 resc-

400 2038 530 2106 ratur.

377 2194 541 2284 Diximus
573 2191 664 2282 quod
692 2191 869 2263 columnae
898 2192 1111 2265 circulariter
1124 2213 1201 2265 enm
1215 2214 1315 2285 prue-

297 2332 387 2402 dic'to
431 2348 572 2400 numero
611 2325 677 2398 sint
721 2325 918 2415 appositae3
960 2326 1021 2398 scd
1058 2325 1159 2398 modo
1197 2348 1313 2400 versus

297 2464 462 2536 orientem
490 2466 620 2530 mutata
647 2464 699 2532 est
727 2479 844 2530 eorsum
877 2458 1052 2550 dispositio
1089 2464 1126 2530 et
1153 2434 1311 2534 numerus

301 2600 441 2686 propter
469 2592 694 2682 adjectionem
727 2611 858 2663 novae
887 2592 1110 2682 ccclesiae,
1139 2592 1312 2684 adquam

302 2728 379 2800 inde
408 2732 459 2799 est
485 2727 654 2828 transitus.
690 2725 740 2797 Et
767 2725 917 2797 continet
943 2725 1028 2797 illud
1053 2746 1179 2799 novum
1208 2727 1312 2800 etde

300 2882 391 2933 novo
432 2860 581 2933 additum
620 2858 807 2932 aediticium
847 2859 928 2931 satis
967 2861 1113 2954 amplum
1147 2860 1313 2934 chorum

299 2995 556 3068 dominorum
590 2965 624 3066 ct
659 2994 740 3066 satis
776 2993 915 3082 longum
948 2995 1194 3085 sanctuarium,
1233 3015 1311 3067 con-

300 3131 412 3201 tinens
446 3128 578 3221 majus
612 3127 752 3198 altare
786 3127 821 3197 in
854 3126 1018 3199 honorem
1051 3131 1310 3216 anastaseos,

299 3264 432 3352 idest,
467 3266 601 3332 sanctae
634 3261 909 3351 resurrectionis,
950 3264 1195 3354 consecratum,
1227 3261 1312 3354 quod

303 3402 340 3469 et
367 3394 520 3486 superius
547 3394 705 3485 apposita
737 3393 872 3482 pictura
903 3394 1069 3489 inopere
1095 3395 1228 3468 musivo
1256 3395 1313 3467 de·

302 3528 421 3602 clarat.
449 3525 653 3600 Continetur
680 3527 770 3600 enim
796 3529 831 3600 in
859 3528 1036 3619 coinage
1065 3526 1201 3620 Christi,
1230 3529 1353 3629 seris·

303 3661 486 3734 contractis
525 3659 662 3752 inferni,
703 3661 925 3754 resurgentis,
966 3662 1138 3754 antiquum
1177 3666 1310 3757 putrem
