2782 4290
1145 419 1209 492 151

195 605 349 674 nostrum
374 597 487 672 Adam
512 599 591 670 inde
619 599 834 673 extrahentis,
868 598 975 672 Extra
1002 600 1067 673 hoc
1093 603 1209 677 altaris
1332 643 1335 647 ·

195 732 426 806 sanctuarium
460 735 496 803 et
527 730 620 802 intra
652 733 791 803 claustri
825 732 988 803 ambitum
1015 736 1209 809 continetur

194 866 279 939 satis
318 865 426 936 latum
466 864 613 953 spatium
629 897 632 904 ·
647 864 907 954 circumquaque
944 869 1015 936 tam
1048 886 1113 954 per
1144 869 1208 940 hoc

193 1019 339 1087 novum,
375 1017 477 1087 quam
510 1017 573 1087 per
606 997 780 1086 antiquum
813 996 960 1087 praefati
999 1001 1207 1071 monumenti

195 1129 390 1202 aediticium
416 1129 622 1220 processioni
647 1128 819 1219 idoneum,
849 1151 936 1220 quae
964 1135 1000 1202 et
1028 1130 1067 1201 fit
1095 1132 1206 1222 singu·

192 1265 248 1336 lis.
263 1262 438 1334 dominicis
470 1261 623 1333 noctibus
656 1283 677 1332 a
708 1264 834 1352 pascha
867 1282 973 1353 usque
1007 1263 1050 1335 ad
1080 1249 1213 1337 adven-¹

192 1404 266 1470 tum
292 1394 430 1466 Domini
463 1393 498 1465 in
531 1395 680 1484 vesperis
714 1396 757 1467 ad
792 1401 943 1469 sanctum
976 1398 1202 1490 sepulchrum,

190 1551 284 1602 cum.
302 1529 499 1617 antiphona:
542 1525 700 1600 Christos
732 1551 934 1620 resumens,
978 1531 1076 1623 eujm
1103 1533 1204 1604 etiam

189 1661 394 1754 antiphonae
422 1667 534 1734 textus
561 1666 657 1733 extra
683 1661 716 1733 in
745 1666 896 1735 extremo
913 1665 1062 1753 margine
1085 1685 1203 1735 monn-

190 1793 298 1868 menti
325 1793 446 1867 litteris
472 1793 507 1865 in
534 1797 677 1883 argento
706 1795 845 1868 elevatis
860 1795 1061 1869 continetur.
1090 1797 1203 1871 Finita

182 1948 234 2025 ea
268 1927 454 2018 antiphona
485 1947 547 2017 per
575 1931 727 2017 cantum,
770 1933 888 2000 cantor
921 1929 1035 2011 statim
1067 1929 1200 2026 incipit:

195 2057 344 2150 Vespere
371 2065 485 2133 notem
511 2064 587 2151 etc,
618 2080 695 2170 cum
720 2061 864 2151 psalmo:
906 2058 1129 2151 annificot‚
1167 2067 1201 2155 et

189 2215 268 2268 enm
316 2192 458 2265 collecto
507 2193 550 2264 de
589 2194 852 2267 resurrectione:
925 2190 1200 2290 Omnipotens

187 2326 470 2416 sempiterne,
499 2325 681 2416 praemisso
696 2326 878 2400 versiculo:
908 2323 1199 2420 SurrexitDo-

186 2459 323 2532 minus
359 2458 406 2530 de
439 2459 515 2530 hoc
540 2459 800 2548 sepulchro„
848 2458 1011 2532 Similiter
1043 2478 1106 2548 per
1133 2457 1198 2555 hoc

186 2598 321 2684 tempus
375 2590 465 2662 omni
518 2591 573 2663 die
628 2591 795 2665 dominico
849 2592 950 2664 missa
996 2561 1199 2666 celebratur:

143 2766 144 2770 ¹
184 2724 434 2800 Resurrexi.

186 3015 236 3082 13.
269 3011 454 3080 Olcustrun
475 3009 687 3088 dominorum,
717 3011 833 3112 crypta
861 3025 930 3076 oum
959 3009 1065 3108 altaro
1078 2951 1116 3073 ¹s.
1142 3007 1198 3073 He·

168 3117 170 3120 ’
275 3117 380 3198 leuas,
402 3115 597 3184 consecratio
620 3115 769 3183 ecclesiae
798 3132 825 3180 s.
853 3113 1031 3196 sepulchri
1060 3111 1199 3196 quatuor

274 3223 407 3302 altaria,
432 3222 546 3289 chorus
563 3221 768 3302 dominorum,
791 3220 946 3287 dissensio
964 3217 1199 3287 alomannorum

276 3331 311 3398 st
333 3328 526 3434 francorum.

158 3576 161 3583 .
236 3520 279 3594 In
306 3519 418 3610 capite
445 3518 547 3592 etiam
574 3516 726 3610 ejusdem
754 3515 914 3588 ecclesiae
943 3528 1060 3584 novoe*
1076 3509 1197 3584 'versus

184 3655 397 3744 orientem=,-.
412 3651 523 3744 justa¹
538 3650 787 3745 ,claustrum
827 3646 1108 3743 dominorum,
1129 3648 1199 3717 ‚est
