2782 4290
1016 416 1082 483 246

63 591 298 671 aJerusalem
321 610 385 683 per
410 589 585 663 dimidium
611 592 753 666 milliare
776 594 981 668 alemanicae
1007 594 1083 668 riae

63 723 609 819 quodeatldetadialoh.11:
636 728 694 802 ubi
713 728 776 801 sub
804 729 943 803 castello
972 728 1082 805 cerni·
1177 775 1182 784 x

62 868 122 934 tur
148 858 423 950 sepulchrum
445 857 599 930 Lazari
628 859 800 934 aOhristo
823 862 1025 951 resuscitati,
1045 866 1083 937 ct

63 994 131 1067 fuit
158 993 206 1067 ibi
232 1012 380 1082 magna
408 993 613 1084 ecclesia,
643 996 739 1087 cujus
767 996 941 1069 columnae
973 993 1083 1067 adhuc

65 1131 198 1202 stantes
225 1125 397 1201 videntur.
454 1126 509 1200 Ab
536 1127 658 1200 eodem
684 1129 860 1221 sepulchro
882 1128 1084 1219 perdecem

66 1281 186 1352 passus
213 1261 249 1331 in
275 1261 458 1333 tenebrosa
484 1261 655 1335 testudine
693 1267 745 1336 est
779 1264 897 1335 altare.
954 1261 1084 1334 Ibidem

65 1396 164 1468 stetit
191 1392 354 1494 Christus,
382 1414 455 1466 cum
483 1395 592 1487 ipsum
618 1397 758 1470 vocavit
785 1396 827 1469 de
852 1398 1079 1469 monumento.

67 1529 159 1602 ltem
186 1526 312 1601 deforis
346 1529 447 1600 altius
484 1529 562 1602 huic
596 1530 632 1601 in
665 1531 821 1623 proximo
856 1535 909 1603 eat
942 1529 1085 1603 domus

68 1662 254 1736 Simonis
281 1662 454 1753 leprosi,
485 1661 570 1736 duas
595 1665 725 1737 hahens
753 1666 928 1755 cisternas,
956 1663 991 1734 in
1019 1681 1087 1753 qua

67 1796 277 1888 Magdalena
308 1795 394 1868 fudit
426 1802 637 1886 unguentum
668 1819 770 1890 super
811 1802 915 1887 caput
953 1816 1087 1869 recum·

67 1929 199 2022 hantis,
234 1928 278 2001 de
305 1951 372 2021 quo
399 1930 506 2004 ludas
533 1952 696 2006 accensus
731 1937 804 2004 arat
838 1929 1080 2020 indignatione.

69 2065 163 2137 Ante
191 2085 250 2138 sex
278 2064 349 2137 dies
376 2065 527 2155 paschae
555 2068 713 2139 coenavit
740 2035 839 2140 jesus
865 2067 900 2136 in
920 2061 1087 2135 Bethania

68 2198 215 2271 Martha
240 2199 458 2295 ministrante,
489 2202 585 2293 cujus
612 2200 721 2273 irater
747 2221 832 2272 unns
859 2203 934 2271 erat
960 2218 999 2268 ex
1021 2193 1087 2266 dis·

71 2333 317 2425 enubentibus,
346 2340 488 2425 propter
515 2355 616 2427 quam
631 2334 737 2406 multa
754 2333 869 2405 turha:
899 2352 940 2404 ex
955 2328 1089 2422 judaeis
1226 2402 1228 2406 ,

72 2472 241 2541 venerumt
266 2467 350 2560 illic,
392 2469 582 2559 cogitantes
616 2472 653 2541 et
687 2468 854 2540 Lazarum
886 2463 1088 2538 interficere.

71 2601 150 2674 Joh.
179 2605 238 2673 12.
260 2600 294 2673 A
312 2598 479 2674 Bethania
496 2622 561 2693 per
579 2622 639 2674 sex
655 2603 766 2694 jactum
785 2599 931 2689 sagittae
956 2597 1091 2670 videtm

71 2732 1089 2828 lapismagnusincampo‚snperquamseditDominus,

72 2870 210 2963 quando
216 2867 378 2943 Marthae
393 2872 549 2962 occurrit,
560 2871 592 2943 ei
603 2869 730 2942 dicens:
745 2867 903 2958 Domine,
918 2865 1092 2954 adfuisses

74 3004 129 3078 laic
156 3008 223 3077 etc.
254 3004 309 3076 Ab
333 3004 391 3075 illo
412 3005 532 3096 lapide,
562 3005 776 3094 inquantum
800 3002 886 3092 lapis
898 3000 1089 3091 projicitur,

76 3161 96 3209 a
123 3137 265 3211 sinistris
292 3159 410 3213 versus
438 3137 623 3211 Jordauem
649 3138 786 3211 videtur
813 3135 910 3208 ruina
944 3133 1092 3203 domus

75 3272 274 3345 Marthae
302 3277 337 3345 et
363 3273 513 3362 signatus
550 3273 692 3345 ambitus
725 3274 802 3341 arte
835 3272 872 3341 et
906 3265 1093 3338 caldarium

76 3406 137 3479 sub
173 3405 325 3496 rupibus.
382 3405 517 3479 Deinde
550 3427 615 3497 per
649 3426 752 3478 uuum
782 3381 911 3494 jactum
950 3397 1124 3486 sagittae.

77 3540 255 3612 adextris
296 3538 457 3612 declivius
497 3545 613 3612 contra
652 3542 803 3611 austrum
841 3532 908 3605 fuit
949 3531 1094 3602 domus

80 3671 376 3764 Magdalenae,
392 3675 488 3765 cujus
501 3674 536 3744 in
551 3673 625 3744 loco
643 3677 696 3745 est
709 3670 882 3746 destructa
900 3663 1092 3766 ecclesia
1236 3701 1239 3705 ι
