2782 4290
1007 457 1073 521 447

63 628 192 698 plurimos
211 646 231 680 r.
250 626 282 680 K.
302 658 336 666 -
355 645 429 696 opus
449 629 568 700 sol-ius]
588 630 610 683 Τ
629 630 659 693 Β,
683 630 735 683 Ilei
757 631 839 683 solius
857 630 888 684 K.
909 661 941 670 —
961 630 1073 704 Orig'j·

62 726 144 795 nem]
176 741 211 777 or.
235 726 286 778 mit
308 726 447 790 minuslrel,
472 743 543 789 msa,
566 726 599 779 K.
619 727 760 795 —Tyro
784 731 906 781 contra
932 730 1030 800 sept]
1051 746 1072 783 c.

63 824 192 877 orientem
211 823 233 876 Τ
252 823 274 876 Β
293 824 325 877 K.
354 855 387 862 ›-
415 824 432 877 J
439 825 541 895 onam]
568 825 638 889 ΤΒ,
664 825 777 878 Jcanam
802 825 835 878 K.
876 826 902 880 S.
920 827 1072 881 Adrichom.

64 921 97 973 ad
118 939 148 985 v.‚
167 921 295 975 Theodar.
317 923 373 976 110.
392 955 425 962 —-
445 940 530 991 quae
556 941 624 976 oum
649 923 885 993 cohospitata]
903 925 935 988 B,
963 943 987 994 q.
1012 942 1072 979 cunr

64 1037 94 1072 co
114 1019 131 1072 f.
151 1019 289 1088 hospitata
308 1020 338 1083 Τ,
357 1037 408 1073 om.
427 1020 459 1073 K.
479 1053 512 1059 —
539 1022 692 1092 paverat]
712 1020 734 1073 Τ
753 1021 784 1085 Β,
803 1022 862 1086 vid,
890 1040 920 1074 eo
945 1023 1016 1092 quod
1034 1024 1072 1076 ri·

64 1118 118 1170 dna
135 1118 293 1187 prophetam
306 1119 415 1171 Domini
432 1119 548 1186 benigne
563 1120 667 1183 foverit,
685 1120 714 1172 et
725 1120 828 1187 paverit
840 1121 872 1173 K.
891 1151 925 1160 -
944 1137 1071 1190 aquarn,

64 1216 161 1285 unde]
183 1216 204 1269 T
224 1215 255 1279 Β,
275 1216 388 1280 sudavit,
408 1220 435 1269 et
454 1233 563 1284 aquam:
582 1234 649 1286 quac
669 1232 749 1271 causa
768 1218 828 1282 fuit,
847 1220 877 1271 nt
896 1218 1072 1287 Sydoniorum

63 1315 156 1378 multi,
185 1315 212 1367 ln
239 1330 330 1366 rerum
349 1314 450 1367 Jllsnm
469 1314 622 1367 crucifixum
641 1314 792 1380 credentes,
816 1331 920 1369 sacrum
938 1316 1073 1386 Baptismi

63 1414 199 1466 lavacrum
218 1412 385 1481 susceperint
403 1412 435 1465 Κ.
461 1440 495 1450 -
522 1411 623 1481 Arph.
647 1413 730 1465 urbs
754 1414 920 1484 Damasci]
941 1415 971 1479 Τ,
990 1417 1021 1469 Α.
1040 1415 1071 1471 U.

64 1514 105 1566 est
124 1512 157 1564 D.
176 1511 237 1564 Jam
254 1510 340 1564 fusius
359 1511 391 1564 de
410 1511 542 1564 Damasco
560 1511 592 1563 K.

137 1610 179 1663 25.
203 1610 391 1662 Damascus
406 1651 430 1661 ..
449 1609 611 1676 historia]
626 1609 754 1662 nurTB.
770 1640 800 1651 -
815 1611 940 1664 Esau..
959 1611 1072 1682 rufus]

65 1707 86 1761 Τ
106 1707 137 1772 Β,
157 1707 283 1774 gleiches,
303 1707 366 1760 aber
385 1706 496 1760 andater
515 1707 639 1759 wortlaut
656 1708 688 1759 K.
708 1739 741 1746 —
769 1712 881 1761 autem
906 1710 1072 1778 quaedam

63 1806 154 1876 pars]
174 1805 195 1858 Τ
215 1805 245 1869 Β,
272 1808 362 1858 autern
382 1805 413 1858 de
432 1805 517 1857 adom
542 1805 673 1873 quaedam
700 1823 724 1874 p.
744 1807 775 1859 K.
800 1837 833 1844 -
859 1806 989 1860 fluvius
1019 1808 1072 1862 Ja-

62 1903 135 1973 boc]
155 1903 237 1957 Jacob
256 1921 328 1967 mss,
348 1903 394 1968 dr.,
413 1903 514 1957 Jaboth
526 1903 629 1956 Iunom.
642 1903 688 1968 VI,
708 1904 747 1957 ed.
760 1903 902 1981 Neumann
914 1904 932 1959 l.
950 1905 1072 1970 o.,1868‚

63 2001 107 2056 25.
144 2001 180 2054 Ks
199 2001 304 2054 scheint
322 2001 390 2054 doch
410 2001 602 2067 gellissentlich
621 2001 704 2055 Jacob
727 2001 901 2066 geeohrieben
919 2002 1023 2056 worden
1041 2020 1072 2055 zu

64 2100 131 2164 sein,
151 2099 209 2152 weil
228 2099 315 2152 dieser
333 2099 384 2153 den
397 2100 462 2152 flnss
477 2099 666 2152 durohwatete.
685 2131 718 2140 —
738 2099 884 2164 rediret,
903 2099 1072 2169 luctatus]

63 2199 97 2262 K,
110 2199 165 2251 red.
177 2199 204 2250 et
216 2197 281 2251 luet.
287 2197 319 2261 Τ,
328 2198 439 2250 welches
449 2200 477 2249 et
486 2197 647 2263 wenigstens
660 2197 708 2251 das
722 2198 902 2251 rerstiindniss
922 2199 1072 2252 erschwert.

65 2329 100 2336 —-
118 2297 240 2350 Israel.
258 2297 297 2349 In
314 2295 486 2364 Idumaea]
505 2295 536 2359 Β,
555 2295 612 2358 Isr.‚
638 2312 749 2365 eumque
774 2299 848 2350 tacto
874 2295 973 2349 femore
999 2297 1072 2350 clau·

66 2395 156 2449 dicare
173 2393 238 2447 fecit
255 2394 287 2447 K.
307 2422 340 2432 —
366 2393 482 2460 Solim]
508 2393 581 2457 ΤΚ,
607 2393 662 2447 Soli
684 2393 714 2447 B.
756 2395 820 2448 Was
845 2395 896 2448 den
920 2394 1002 2448 halen
1025 2395 1073 2447 des

64 2494 90 2546 h.
110 2492 216 2546 Simeon
234 2492 350 2554 betrfflt,
378 2509 407 2543 so
433 2507 495 2558 mag
520 2508 548 2544 es
572 2491 648 2544 nicht
667 2491 827 2558 iiberlli'rseig
846 2493 916 2558 sein,
947 2494 1005 2546 sich
1023 2493 1073 2546 fol·

64 2591 166 2660 gender
194 2590 270 2643 stelle
295 2591 323 2644 in
347 2589 471 2643 Bollandi
495 2591 564 2642 Acta
590 2592 713 2655 sanctor,
738 2591 825 2643 octob.
850 2595 869 2643 t.
887 2591 935 2655 ΧΙ,
954 2591 1006 2644 706
1026 2609 1072 2661 sq„

65 2707 97 2743 zu
116 2689 252 2743 erinnem:
271 2688 337 2742 Nico
354 2691 381 2741 in
392 2687 506 2756 epistola
517 2688 558 2741 36.
578 2687 611 2740 ad
625 2686 792 2741 Gerasimum
810 2692 929 2743 testatur
941 2691 1073 2745 armenios

64 2788 196 2857 quosdam
213 2786 357 2839 monachos
375 2801 443 2838 saec.
456 2785 496 2838 XI
514 2785 542 2838 in
554 2801 711 2851 graecorum
731 2788 901 2842 monasteriis
914 2789 1073 2844 Antioohiae

65 2890 93 2940 et
119 2884 309 2951 Hierosolymis
340 2887 518 2936 commoratos
550 2900 615 2936 esse.
657 2884 746 2938 Antea
776 2886 910 2940 habebant
941 2888 1073 2957 (armenii)

64 2985 148 3039 etiarn
167 2983 406 3051 archiepiscopum,
425 2982 470 3050 qui
489 2982 517 3034 in
536 2982 700 3034 monasterio
723 2984 827 3036 mixto
848 2985 872 3038 S.
892 2985 1022 3040 Simeonis
1041 2987 1074 3040 de

64 3081 275 3136 Montemirabili
287 3097 369 3149 propa
379 3080 549 3133 Antiochia-m
563 3080 597 3133 ad
610 3079 738 3134 Orontem
751 3081 840 3135 sedem
855 3100 931 3136 snam
950 3085 1073 3138 habebat.

65 3213 99 3223 -
119 3181 158 3234 de
183 3180 349 3249 quibus..
375 3178 434 3232 sub
448 3220 472 3230 ..
492 3177 694 3247 conficitur]
715 3179 745 3244 Τ,
765 3180 797 3232 de
816 3198 849 3248 q.,
870 3183 1000 3249 utsupra
1018 3198 1072 3234 rne-

65 3280 230 3334 minimus..
253 3278 286 3331 K.
305 3307 339 3316 -
358 3277 468 3329 laeum
491 3277 744 3344 Asphaltitem]
770 3277 857 3330 lacurn
876 3277 1071 3346 AsphaltitisT

64 3379 97 3442 K,
116 3378 133 3430 l.
153 3375 281 3444 aspalidis
299 3375 329 3427 Β.
349 3405 383 3412 »⁴
403 3372 527 3427 Gorius
547 3390 618 3443 app.
637 3375 707 3427 sive
726 3375 845 3444 Aulon]
867 3374 888 3426 Τ
907 3374 1030 3443 (hortus),
1049 3375 1072 3427 B

64 3476 190 3543 (gertus),
214 3475 257 3527 ich
285 3473 367 3526 schob
393 3471 456 3524 aber
481 3471 535 3524 sive
559 3471 730 3526 dazwischen.
768 3459 839 3525 l'lber
857 3470 942 3525 dieses
962 3471 1035 3526 ahor
1053 3489 1073 3526 s.

64 3573 195 3627 Theoder.
219 3574 278 3624 227.
315 3571 364 3624 Bei
381 3570 511 3623 Krinner:
536 3569 611 3622 vallis
626 3611 631 3621 .
645 3609 664 3633 .,
692 3573 722 3622 ut
746 3570 874 3634 diximus,
899 3572 1073 3638 praegrandis

64 3689 111 3725 seu
130 3687 216 3739 camp.
253 3671 278 3724 S.
298 3687 319 3722 c.
339 3671 380 3724 20.
405 3699 439 3708 -
464 3668 536 3719 Dan
554 3667 626 3719 fere
646 3667 685 3718 ab
705 3668 795 3739 ortu]
821 3668 892 3734 ΤΒ,
917 3668 1075 3722 Fonticulus

63 3770 124 3845 Dan
145 3768 178 3821 ab
198 3783 221 3820 o.
240 3768 271 3821 K.
304 3767 364 3834 Vgl.
385 3783 405 3819 o.
425 3767 467 3829 20,
488 3781 507 3817 s.
530 3765 587 3828 174,
607 3766 694 3818 zumal
711 3765 777 3818 aber
796 3765 839 3818 die
856 3765 977 3832 mildace,
997 3767 1075 3819 nebst
