<?xml version="1.0" encoding="UTF-8"?>
<!DOCTYPE html PUBLIC "-//W3C//DTD XHTML 1.0 Transitional//EN"
    "http://www.w3.org/TR/xhtml1/DTD/xhtml1-transitional.dtd">
<html xmlns="http://www.w3.org/1999/xhtml" xml:lang="en" lang="en">
 <head>
  <title>
</title>
<meta http-equiv="Content-Type" content="text/html;charset=utf-8" />
  <meta name='ocr-system' content='tesseract 3.04.00' />
  <meta name='ocr-capabilities' content='ocr_page ocr_carea ocr_par ocr_line ocrx_word'/>
</head>
<body>
  <div class='ocr_page' id='page_1' title='image "./descriptioneste01toblgoog_0360.png"; bbox 0 0 2782 4290; ppageno 0'>
   <div class='ocr_carea' id='block_1_1' title="bbox 260 1096 1136 1200">
    <p class='ocr_par' dir='ltr' id='par_1_1' title="bbox 260 1096 1136 1200">
     <span class='ocr_line' id='line_1_1' title="bbox 260 1096 1136 1200; baseline 0.001 -21"><span class='ocrx_word' id='word_1_1' title='bbox 260 1097 374 1179; x_wconf 84' lang='lat' dir='ltr'><strong>Noton</strong></span> <span class='ocrx_word' id='word_1_2' title='bbox 400 1118 448 1175; x_wconf 86' lang='lat' dir='ltr'><strong>m</strong></span> <span class='ocrx_word' id='word_1_3' title='bbox 475 1096 666 1178; x_wconf 84' lang='lat' dir='ltr'><strong>Willibeld</strong></span> <span class='ocrx_word' id='word_1_4' title='bbox 693 1098 785 1178; x_wconf 86' lang='lat' dir='ltr'><strong>noch</strong></span> <span class='ocrx_word' id='word_1_5' title='bbox 815 1097 893 1178; x_wconf 88' lang='lat' dir='ltr'><strong>den</strong></span> <span class='ocrx_word' id='word_1_6' title='bbox 920 1101 1136 1200; x_wconf 78' lang='lat' dir='ltr'><strong>Anonynus.</strong></span> 
     </span>
    </p>
   </div>
   <div class='ocr_carea' id='block_1_2' title="bbox 183 1293 1204 3815">
    <p class='ocr_par' dir='ltr' id='par_1_2' title="bbox 188 1293 1204 1644">
     <span class='ocr_line' id='line_1_2' title="bbox 263 1293 1202 1354; baseline 0.006 -7"><span class='ocrx_word' id='word_1_7' title='bbox 263 1293 297 1347; x_wconf 90' lang='lat' dir='ltr'><strong>In</strong></span> <span class='ocrx_word' id='word_1_8' title='bbox 315 1293 358 1349; x_wconf 86' lang='lat' dir='ltr'><strong>dio</strong></span> <span class='ocrx_word' id='word_1_9' title='bbox 376 1295 457 1348; x_wconf 90' lang='lat' dir='ltr'><strong>noten</strong></span> <span class='ocrx_word' id='word_1_10' title='bbox 475 1310 535 1347; x_wconf 85' lang='lat' dir='ltr'><strong>zum</strong></span> <span class='ocrx_word' id='word_1_11' title='bbox 552 1294 742 1348; x_wconf 88' lang='lat' dir='ltr'><strong>reiseberichte</strong></span> <span class='ocrx_word' id='word_1_12' title='bbox 755 1294 802 1348; x_wconf 86' lang='lat' dir='ltr'><strong>der</strong></span> <span class='ocrx_word' id='word_1_13' title='bbox 814 1312 902 1350; x_wconf 89' lang='lat' dir='ltr'><strong>nonne</strong></span> <span class='ocrx_word' id='word_1_14' title='bbox 920 1296 1002 1350; x_wconf 88' lang='lat' dir='ltr'><strong>nehm</strong></span> <span class='ocrx_word' id='word_1_15' title='bbox 1016 1296 1061 1351; x_wconf 92' lang='lat' dir='ltr'><strong>ich</strong></span> <span class='ocrx_word' id='word_1_16' title='bbox 1074 1298 1202 1354; x_wconf 82' lang='lat' dir='ltr'><strong>menches</strong></span> 
     </span>
     <span class='ocr_line' id='line_1_3' title="bbox 188 1392 1202 1464; baseline 0.006 -19"><span class='ocrx_word' id='word_1_17' title='bbox 188 1392 298 1446; x_wconf 89' lang='lat' dir='ltr'><strong>hierher</strong></span> <span class='ocrx_word' id='word_1_18' title='bbox 316 1392 444 1459; x_wconf 79' lang='lat' dir='ltr'><strong>gehdrige</strong></span> <span class='ocrx_word' id='word_1_19' title='bbox 467 1392 497 1445; x_wconf 90' lang='lat' dir='ltr'><strong>in</strong></span> <span class='ocrx_word' id='word_1_20' title='bbox 516 1392 557 1446; x_wconf 89' lang='lat' dir='ltr'><strong>die</strong></span> <span class='ocrx_word' id='word_1_21' title='bbox 576 1395 658 1446; x_wconf 88' lang='lat' dir='ltr'><strong>noteu</strong></span> <span class='ocrx_word' id='word_1_22' title='bbox 677 1409 736 1445; x_wconf 88' lang='lat' dir='ltr'><strong>zum</strong></span> <span class='ocrx_word' id='word_1_23' title='bbox 754 1392 874 1447; x_wconf 89' lang='lat' dir='ltr'><strong>berichte</strong></span> <span class='ocrx_word' id='word_1_24' title='bbox 900 1395 947 1447; x_wconf 87' lang='lat' dir='ltr'><strong>der</strong></span> <span class='ocrx_word' id='word_1_25' title='bbox 964 1395 1125 1451; x_wconf 84' lang='lat' dir='ltr'><strong>klosterfrsu</strong></span> <span class='ocrx_word' id='word_1_26' title='bbox 1149 1396 1202 1464; x_wconf 83' lang='lat' dir='ltr'><strong>aui,</strong></span> 
     </span>
     <span class='ocr_line' id='line_1_4' title="bbox 188 1489 1204 1559; baseline 0.005 -15"><span class='ocrx_word' id='word_1_27' title='bbox 188 1507 336 1558; x_wconf 85' lang='lat' dir='ltr'><strong>weswegen</strong></span> <span class='ocrx_word' id='word_1_28' title='bbox 361 1491 406 1544; x_wconf 92' lang='lat' dir='ltr'><strong>ich</strong></span> <span class='ocrx_word' id='word_1_29' title='bbox 432 1489 530 1544; x_wconf 81' lang='lat' dir='ltr'><strong>darauf</strong></span> <span class='ocrx_word' id='word_1_30' title='bbox 551 1492 689 1556; x_wconf 84' lang='lat' dir='ltr'><strong>verveise,</strong></span> <span class='ocrx_word' id='word_1_31' title='bbox 720 1490 775 1545; x_wconf 89' lang='lat' dir='ltr'><strong>und</strong></span> <span class='ocrx_word' id='word_1_32' title='bbox 805 1492 892 1559; x_wconf 86' lang='lat' dir='ltr'><strong>wenig</strong></span> <span class='ocrx_word' id='word_1_33' title='bbox 918 1491 1099 1549; x_wconf 85' lang='lat' dir='ltr'><strong>bedentendes</strong></span> <span class='ocrx_word' id='word_1_34' title='bbox 1127 1495 1204 1549; x_wconf 90' lang='lat' dir='ltr'><strong>mehr</strong></span> 
     </span>
     <span class='ocr_line' id='line_1_5' title="bbox 188 1587 482 1644; baseline 0.007 -3"><span class='ocrx_word' id='word_1_35' title='bbox 188 1589 373 1642; x_wconf 84' lang='lat' dir='ltr'><strong>nochzuholen</strong></span> <span class='ocrx_word' id='word_1_36' title='bbox 391 1587 482 1644; x_wconf 90' lang='lat' dir='ltr'><strong>bleibt.</strong></span> 
     </span>
    </p>

    <p class='ocr_par' dir='ltr' id='par_1_3' title="bbox 189 1684 1203 1848">
     <span class='ocr_line' id='line_1_6' title="bbox 264 1684 1203 1760; baseline 0.009 -21"><span class='ocrx_word' id='word_1_37' title='bbox 264 1687 286 1739; x_wconf 91' lang='lat' dir='ltr'><strong>l.</strong></span> <span class='ocrx_word' id='word_1_38' title='bbox 315 1684 394 1739; x_wconf 84' lang='lat' dir='ltr'><strong>Nach</strong></span> <span class='ocrx_word' id='word_1_39' title='bbox 412 1687 578 1742; x_wconf 88' lang='lat' dir='ltr'><strong>oriundus</strong></span> <span class='ocrx_word' id='word_1_40' title='bbox 603 1687 672 1741; x_wconf 90' lang='lat' dir='ltr'><strong>ohne</strong></span> <span class='ocrx_word' id='word_1_41' title='bbox 696 1703 758 1741; x_wconf 89' lang='lat' dir='ltr'><strong>cum</strong></span> <span class='ocrx_word' id='word_1_42' title='bbox 781 1687 854 1743; x_wconf 81' lang='lat' dir='ltr'><strong>Meb.</strong></span> <span class='ocrx_word' id='word_1_43' title='bbox 879 1696 913 1728; x_wconf 80' lang='grc'><strong>’-</strong></span> <span class='ocrx_word' id='word_1_44' title='bbox 937 1688 1112 1760; x_wconf 84' lang='lat' dir='ltr'><strong>Ulcerati]</strong></span> <span class='ocrx_word' id='word_1_45' title='bbox 1132 1688 1203 1748; x_wconf 78' lang='lat' dir='ltr'><strong>nab.</strong></span> 
     </span>
     <span class='ocr_line' id='line_1_7' title="bbox 189 1783 590 1848; baseline 0.01 -12"><span class='ocrx_word' id='word_1_46' title='bbox 189 1783 312 1848; x_wconf 84' lang='lat' dir='ltr'><strong>lacerati,</strong></span> <span class='ocrx_word' id='word_1_47' title='bbox 330 1801 385 1838; x_wconf 83' lang='lat' dir='ltr'><strong>was</strong></span> <span class='ocrx_word' id='word_1_48' title='bbox 402 1784 590 1840; x_wconf 82' lang='lat' dir='ltr'><strong>brauchbnrer.</strong></span> 
     </span>
    </p>

    <p class='ocr_par' dir='ltr' id='par_1_4' title="bbox 189 1882 1201 2037">
     <span class='ocr_line' id='line_1_8' title="bbox 263 1882 1201 1951; baseline 0.006 -16"><span class='ocrx_word' id='word_1_49' title='bbox 263 1883 288 1936; x_wconf 85' lang='lat'><strong>2.</strong></span> <span class='ocrx_word' id='word_1_50' title='bbox 316 1883 483 1949; x_wconf 79' lang='lat' dir='ltr'><strong>Egilwerdo,</strong></span> <span class='ocrx_word' id='word_1_51' title='bbox 507 1884 576 1937; x_wconf 89' lang='lat' dir='ltr'><strong>naoh</strong></span> <span class='ocrx_word' id='word_1_52' title='bbox 594 1883 665 1939; x_wconf 84' lang='lat' dir='ltr'>Mab.</span> <span class='ocrx_word' id='word_1_53' title='bbox 684 1883 736 1937; x_wconf 81' lang='grc'><strong>383</strong></span> <span class='ocrx_word' id='word_1_54' title='bbox 755 1884 825 1937; x_wconf 87' lang='lat' dir='ltr'><strong>auch</strong></span> <span class='ocrx_word' id='word_1_55' title='bbox 842 1882 976 1951; x_wconf 79' lang='lat' dir='ltr'><strong>EgbeldO,</strong></span> <span class='ocrx_word' id='word_1_56' title='bbox 1001 1884 1136 1950; x_wconf 83' lang='lat' dir='ltr'><strong>ngeldo.</strong></span> <span class='ocrx_word' id='word_1_57' title='bbox 1173 1884 1201 1942; x_wconf 98' lang='grc'><strong>8.</strong></span> 
     </span>
     <span class='ocr_line' id='line_1_9' title="bbox 189 1979 711 2037; baseline 0.006 -4"><span class='ocrx_word' id='word_1_58' title='bbox 189 1979 394 2035; x_wconf 63' lang='lat' dir='ltr'><strong>willibaldus</strong></span> <span class='ocrx_word' id='word_1_59' title='bbox 413 1982 467 2036; x_wconf 89' lang='lat' dir='ltr'><strong>und</strong></span> <span class='ocrx_word' id='word_1_60' title='bbox 486 1981 528 2035; x_wconf 90' lang='lat' dir='ltr'><strong>dic</strong></span> <span class='ocrx_word' id='word_1_61' title='bbox 547 1998 617 2037; x_wconf 86' lang='lat' dir='ltr'><strong>enm.</strong></span> <span class='ocrx_word' id='word_1_62' title='bbox 637 1981 711 2036; x_wconf 85' lang='lat' dir='ltr'><strong>dazu.</strong></span> 
     </span>
    </p>

    <p class='ocr_par' dir='ltr' id='par_1_5' title="bbox 186 2077 1202 2348">
     <span class='ocr_line' id='line_1_10' title="bbox 263 2077 1202 2150; baseline 0.004 -20"><span class='ocrx_word' id='word_1_63' title='bbox 263 2079 289 2134; x_wconf 87' lang='grc'><strong>3.</strong></span> <span class='ocrx_word' id='word_1_64' title='bbox 316 2080 441 2133; x_wconf 89' lang='lat' dir='ltr'><strong>timere</strong></span> <span class='ocrx_word' id='word_1_65' title='bbox 459 2082 572 2134; x_wconf 87' lang='lat' dir='ltr'><strong>tamen</strong></span> <span class='ocrx_word' id='word_1_66' title='bbox 591 2079 701 2150; x_wconf 82' lang='lat' dir='ltr'><strong>deest]</strong></span> <span class='ocrx_word' id='word_1_67' title='bbox 727 2079 807 2143; x_wconf 75' lang='lat' dir='ltr'><strong>Mau,</strong></span> <span class='ocrx_word' id='word_1_68' title='bbox 833 2077 905 2144; x_wconf 79' lang='grc'><strong>8011,</strong></span> <span class='ocrx_word' id='word_1_69' title='bbox 928 2078 1117 2135; x_wconf 81' lang='lat' dir='ltr'><strong>Felchenstein</strong></span> <span class='ocrx_word' id='word_1_70' title='bbox 1141 2082 1202 2134; x_wconf 85' lang='lat' dir='ltr'><strong>kor-</strong></span> 
     </span>
     <span class='ocr_line' id='line_1_11' title="bbox 188 2176 1201 2248; baseline 0.002 -18"><span class='ocrx_word' id='word_1_71' title='bbox 188 2176 305 2244; x_wconf 85' lang='lat' dir='ltr'><strong>rigiren:</strong></span> <span class='ocrx_word' id='word_1_72' title='bbox 324 2176 432 2233; x_wconf 89' lang='lat' dir='ltr'><strong>timeret</strong></span> <span class='ocrx_word' id='word_1_73' title='bbox 450 2181 542 2233; x_wconf 88' lang='lat' dir='ltr'><strong>tamen</strong></span> <span class='ocrx_word' id='word_1_74' title='bbox 560 2179 660 2233; x_wconf 80' lang='lat' dir='ltr'><strong>deesse.</strong></span> <span class='ocrx_word' id='word_1_75' title='bbox 681 2207 712 2216; x_wconf 88' lang='lat'>-</span> <span class='ocrx_word' id='word_1_76' title='bbox 732 2176 934 2231; x_wconf 84' lang='lat' dir='ltr'><strong>instillavit</strong></span> <span class='ocrx_word' id='word_1_77' title='bbox 952 2177 995 2248; x_wconf 89' lang='lat' dir='ltr'><strong>ei]</strong></span> <span class='ocrx_word' id='word_1_78' title='bbox 1027 2176 1076 2231; x_wconf 94' lang='lat' dir='ltr'><strong>Ich</strong></span> <span class='ocrx_word' id='word_1_79' title='bbox 1095 2178 1201 2232; x_wconf 77' lang='lat' dir='ltr'><strong>mochte</strong></span> 
     </span>
     <span class='ocr_line' id='line_1_12' title="bbox 186 2274 1024 2348; baseline 0.004 -21"><span class='ocrx_word' id='word_1_80' title='bbox 186 2275 332 2330; x_wconf 79' lang='lat' dir='ltr'><strong>intimavit.</strong></span> <span class='ocrx_word' id='word_1_81' title='bbox 353 2307 387 2315; x_wconf 94' lang='lat'><em>-</em></span> <span class='ocrx_word' id='word_1_82' title='bbox 406 2276 529 2330; x_wconf 77' lang='lat' dir='ltr'><strong>Victus</strong></span> <span class='ocrx_word' id='word_1_83' title='bbox 549 2276 689 2348; x_wconf 90' lang='lat' dir='ltr'><strong>demum]</strong></span> <span class='ocrx_word' id='word_1_84' title='bbox 709 2276 806 2330; x_wconf 89' lang='lat' dir='ltr'><strong>Victus</strong></span> <span class='ocrx_word' id='word_1_85' title='bbox 825 2277 916 2329; x_wconf 85' lang='lat' dir='ltr'><strong>temen</strong></span> <span class='ocrx_word' id='word_1_86' title='bbox 933 2274 1024 2330; x_wconf 71' lang='lat' dir='ltr'><strong>unck.</strong></span> 
     </span>
    </p>

    <p class='ocr_par' dir='ltr' id='par_1_6' title="bbox 187 2372 1202 2638">
     <span class='ocr_line' id='line_1_13' title="bbox 260 2372 1202 2447; baseline 0.002 -21"><span class='ocrx_word' id='word_1_87' title='bbox 260 2375 286 2428; x_wconf 83' lang='lat'><strong>5.</strong></span> <span class='ocrx_word' id='word_1_88' title='bbox 314 2375 453 2442; x_wconf 84' lang='lat' dir='ltr'><strong>vigeret</strong></span> <span class='ocrx_word' id='word_1_89' title='bbox 471 2375 636 2447; x_wconf 83' lang='lat' dir='ltr'><strong>sanitati]</strong></span> <span class='ocrx_word' id='word_1_90' title='bbox 655 2393 679 2431; x_wconf 91' lang='lat' dir='ltr'><strong>v.</strong></span> <span class='ocrx_word' id='word_1_91' title='bbox 699 2373 816 2428; x_wconf 84' lang='lat' dir='ltr'><strong>sanitate</strong></span> <span class='ocrx_word' id='word_1_92' title='bbox 834 2373 914 2438; x_wconf 72' lang='lat' dir='ltr'>Mab„</span> <span class='ocrx_word' id='word_1_93' title='bbox 932 2372 1023 2428; x_wconf 79' lang='lat' dir='ltr'><strong>Falclr.</strong></span> <span class='ocrx_word' id='word_1_94' title='bbox 1044 2373 1202 2443; x_wconf 79' lang='lat' dir='ltr'><strong>-Ephe-</strong></span> 
     </span>
     <span class='ocr_line' id='line_1_14' title="bbox 187 2456 1202 2545; baseline 0 -19"><span class='ocrx_word' id='word_1_95' title='bbox 187 2490 260 2527; x_wconf 91' lang='lat' dir='ltr'><strong>sum</strong></span> <span class='ocrx_word' id='word_1_96' title='bbox 272 2515 296 2531; x_wconf 88' lang='lat'><strong>..</strong></span> <span class='ocrx_word' id='word_1_97' title='bbox 315 2473 477 2545; x_wconf 84' lang='lat' dir='ltr'><strong>insulem]</strong></span> <span class='ocrx_word' id='word_1_98' title='bbox 497 2473 621 2543; x_wconf 80' lang='lat' dir='ltr'><strong>Ephesus</strong></span> <span class='ocrx_word' id='word_1_99' title='bbox 639 2474 677 2527; x_wconf 93' lang='lat' dir='ltr'><strong>ist</strong></span> <span class='ocrx_word' id='word_1_100' title='bbox 695 2471 868 2526; x_wconf 87' lang='lat' dir='ltr'><strong>bekanntlich</strong></span> <span class='ocrx_word' id='word_1_101' title='bbox 885 2472 962 2526; x_wconf 84' lang='lat' dir='ltr'><strong>hcine</strong></span> <span class='ocrx_word' id='word_1_102' title='bbox 980 2471 1057 2526; x_wconf 89' lang='lat' dir='ltr'><strong>insel.</strong></span> <span class='ocrx_word' id='word_1_103' title='bbox 1077 2503 1111 2511; x_wconf 94' lang='lat'><em>-</em></span> <span class='ocrx_word' id='word_1_104' title='bbox 1130 2456 1202 2526; x_wconf 72' lang='lat' dir='ltr'><strong>fiber</strong></span> 
     </span>
     <span class='ocr_line' id='line_1_15' title="bbox 187 2569 1178 2638; baseline 0.001 -14"><span class='ocrx_word' id='word_1_105' title='bbox 187 2570 230 2624; x_wconf 90' lang='lat' dir='ltr'><strong>die</strong></span> <span class='ocrx_word' id='word_1_106' title='bbox 250 2572 457 2626; x_wconf 77' lang='lat' dir='ltr'><strong>siebenschltfer</strong></span> <span class='ocrx_word' id='word_1_107' title='bbox 476 2573 538 2626; x_wconf 88' lang='lat' dir='ltr'><strong>sehr</strong></span> <span class='ocrx_word' id='word_1_108' title='bbox 556 2571 722 2625; x_wconf 80' lang='lat' dir='ltr'><strong>ausfiihrlioh</strong></span> <span class='ocrx_word' id='word_1_109' title='bbox 742 2570 862 2624; x_wconf 82' lang='lat' dir='ltr'><strong>Charton</strong></span> <span class='ocrx_word' id='word_1_110' title='bbox 880 2572 905 2636; x_wconf 84' lang='lat'><strong>2,</strong></span> <span class='ocrx_word' id='word_1_111' title='bbox 923 2570 958 2623; x_wconf 81' lang='lat'><strong>75</strong></span> <span class='ocrx_word' id='word_1_112' title='bbox 978 2585 1036 2638; x_wconf 87' lang='lat' dir='ltr'><strong>sqq.</strong></span> <span class='ocrx_word' id='word_1_113' title='bbox 1073 2569 1099 2625; x_wconf 92' lang='grc'><strong>8.</strong></span> <span class='ocrx_word' id='word_1_114' title='bbox 1118 2571 1178 2625; x_wconf 79' lang='grc'><strong>3211.</strong></span> 
     </span>
    </p>

    <p class='ocr_par' dir='ltr' id='par_1_7' title="bbox 262 2669 783 2738">
     <span class='ocr_line' id='line_1_16' title="bbox 262 2669 783 2738; baseline 0 -14"><span class='ocrx_word' id='word_1_115' title='bbox 262 2670 287 2725; x_wconf 89' lang='grc'><strong>7.</strong></span> <span class='ocrx_word' id='word_1_116' title='bbox 314 2670 473 2738; x_wconf 76' lang='lat' dir='ltr'><strong>Minium]</strong></span> <span class='ocrx_word' id='word_1_117' title='bbox 493 2670 554 2738; x_wconf 84' lang='lat' dir='ltr'>Vgl.</span> <span class='ocrx_word' id='word_1_118' title='bbox 573 2670 703 2724; x_wconf 81' lang='lat' dir='ltr'><strong>Mobillon</strong></span> <span class='ocrx_word' id='word_1_119' title='bbox 722 2669 783 2724; x_wconf 76' lang='lat'><strong>385.</strong></span> 
     </span>
    </p>

    <p class='ocr_par' dir='ltr' id='par_1_8' title="bbox 186 2764 1202 3329">
     <span class='ocr_line' id='line_1_17' title="bbox 262 2764 1201 2838; baseline -0.002 -18"><span class='ocrx_word' id='word_1_120' title='bbox 262 2767 286 2823; x_wconf 84' lang='grc'><strong>8.</strong></span> <span class='ocrx_word' id='word_1_121' title='bbox 313 2785 371 2838; x_wconf 89' lang='lat' dir='ltr'><strong>per</strong></span> <span class='ocrx_word' id='word_1_122' title='bbox 390 2768 588 2838; x_wconf 84' lang='lat' dir='ltr'><strong>oppositam</strong></span> <span class='ocrx_word' id='word_1_123' title='bbox 611 2768 644 2821; x_wconf 91' lang='lat' dir='ltr'><strong>in</strong></span> <span class='ocrx_word' id='word_1_124' title='bbox 663 2769 776 2821; x_wconf 83' lang='lat' dir='ltr'><strong>altero</strong></span> <span class='ocrx_word' id='word_1_125' title='bbox 795 2766 924 2819; x_wconf 87' lang='lat' dir='ltr'><strong>littore</strong></span> <span class='ocrx_word' id='word_1_126' title='bbox 943 2764 1201 2835; x_wconf 80' lang='lat' dir='ltr'><strong>Gepharneum]</strong></span> 
     </span>
     <span class='ocr_line' id='line_1_18' title="bbox 188 2862 1202 2936; baseline -0.003 -17"><span class='ocrx_word' id='word_1_127' title='bbox 188 2883 240 2919; x_wconf 89' lang='lat' dir='ltr'><strong>nur</strong></span> <span class='ocrx_word' id='word_1_128' title='bbox 259 2865 322 2921; x_wconf 92' lang='grc'><strong>8011.</strong></span> <span class='ocrx_word' id='word_1_129' title='bbox 341 2866 501 2936; x_wconf 89' lang='lat' dir='ltr'><strong>oppositum.</strong></span> <span class='ocrx_word' id='word_1_130' title='bbox 538 2865 602 2918; x_wconf 84' lang='lat' dir='ltr'><strong>Also</strong></span> <span class='ocrx_word' id='word_1_131' title='bbox 626 2866 819 2935; x_wconf 81' lang='lat' dir='ltr'><strong>Kaphernnnm</strong></span> <span class='ocrx_word' id='word_1_132' title='bbox 848 2863 918 2931; x_wconf 87' lang='lat' dir='ltr'><strong>liege</strong></span> <span class='ocrx_word' id='word_1_133' title='bbox 946 2863 1100 2931; x_wconf 86' lang='lat' dir='ltr'><strong>gegeniiber</strong></span> <span class='ocrx_word' id='word_1_134' title='bbox 1124 2862 1202 2917; x_wconf 79' lang='lat' dir='ltr'><strong>Med·</strong></span> 
     </span>
     <span class='ocr_line' id='line_1_19' title="bbox 188 2960 1201 3032; baseline -0.001 -15"><span class='ocrx_word' id='word_1_135' title='bbox 188 2963 282 3032; x_wconf 87' lang='lat' dir='ltr'><strong>galum</strong></span> <span class='ocrx_word' id='word_1_136' title='bbox 301 2981 344 3017; x_wconf 87' lang='lat' dir='ltr'><strong>am</strong></span> <span class='ocrx_word' id='word_1_137' title='bbox 364 2967 464 3018; x_wconf 86' lang='lat' dir='ltr'><strong>endem</strong></span> <span class='ocrx_word' id='word_1_138' title='bbox 482 2963 553 3027; x_wconf 83' lang='lat' dir='ltr'><strong>ufer;</strong></span> <span class='ocrx_word' id='word_1_139' title='bbox 578 2981 641 3017; x_wconf 87' lang='lat' dir='ltr'><strong>men</strong></span> <span class='ocrx_word' id='word_1_140' title='bbox 666 2962 729 3016; x_wconf 85' lang='lat' dir='ltr'><strong>deri</strong></span> <span class='ocrx_word' id='word_1_141' title='bbox 749 2963 813 3017; x_wconf 85' lang='lat' dir='ltr'><strong>eber</strong></span> <span class='ocrx_word' id='word_1_142' title='bbox 830 2962 907 3015; x_wconf 87' lang='lat' dir='ltr'><strong>nicht</strong></span> <span class='ocrx_word' id='word_1_143' title='bbox 925 2961 1042 3027; x_wconf 87' lang='lat' dir='ltr'><strong>denken,</strong></span> <span class='ocrx_word' id='word_1_144' title='bbox 1071 2960 1133 3016; x_wconf 83' lang='lat' dir='ltr'><strong>dees</strong></span> <span class='ocrx_word' id='word_1_145' title='bbox 1153 2961 1201 3016; x_wconf 84' lang='lat' dir='ltr'><strong>das</strong></span> 
     </span>
     <span class='ocr_line' id='line_1_20' title="bbox 188 3059 1202 3130; baseline -0.004 -14"><span class='ocrx_word' id='word_1_146' title='bbox 188 3062 304 3116; x_wconf 78' lang='lat' dir='ltr'><strong>detliche</strong></span> <span class='ocrx_word' id='word_1_147' title='bbox 323 3062 381 3116; x_wconf 89' lang='lat' dir='ltr'><strong>ufer</strong></span> <span class='ocrx_word' id='word_1_148' title='bbox 400 3063 519 3130; x_wconf 84' lang='lat' dir='ltr'><strong>gemeint</strong></span> <span class='ocrx_word' id='word_1_149' title='bbox 537 3062 588 3130; x_wconf 89' lang='lat' dir='ltr'><strong>sei,</strong></span> <span class='ocrx_word' id='word_1_150' title='bbox 616 3061 671 3115; x_wconf 90' lang='lat' dir='ltr'><strong>und</strong></span> <span class='ocrx_word' id='word_1_151' title='bbox 696 3077 772 3114; x_wconf 90' lang='lat' dir='ltr'><strong>wenn</strong></span> <span class='ocrx_word' id='word_1_152' title='bbox 790 3060 850 3114; x_wconf 84' lang='lat' dir='ltr'><strong>Tell</strong></span> <span class='ocrx_word' id='word_1_153' title='bbox 867 3060 940 3113; x_wconf 94' lang='lat' dir='ltr'><strong>Hum</strong></span> <span class='ocrx_word' id='word_1_154' title='bbox 966 3059 1058 3126; x_wconf 83' lang='lat' dir='ltr'><strong>gelten</strong></span> <span class='ocrx_word' id='word_1_155' title='bbox 1080 3059 1144 3124; x_wconf 88' lang='lat' dir='ltr'><strong>soll,</strong></span> <span class='ocrx_word' id='word_1_156' title='bbox 1173 3075 1202 3113; x_wconf 89' lang='lat' dir='ltr'><strong>so</strong></span> 
     </span>
     <span class='ocr_line' id='line_1_21' title="bbox 187 3157 1202 3227; baseline -0.005 -13"><span class='ocrx_word' id='word_1_157' title='bbox 187 3178 263 3215; x_wconf 89' lang='lat' dir='ltr'><strong>muss</strong></span> <span class='ocrx_word' id='word_1_158' title='bbox 287 3177 350 3214; x_wconf 85' lang='lat' dir='ltr'><strong>man</strong></span> <span class='ocrx_word' id='word_1_159' title='bbox 374 3160 435 3214; x_wconf 90' lang='lat' dir='ltr'><strong>dem</strong></span> <span class='ocrx_word' id='word_1_160' title='bbox 457 3163 531 3215; x_wconf 86' lang='lat' dir='ltr'><strong>texte</strong></span> <span class='ocrx_word' id='word_1_161' title='bbox 556 3160 664 3227; x_wconf 84' lang='lat' dir='ltr'><strong>einigen</strong></span> <span class='ocrx_word' id='word_1_162' title='bbox 688 3174 780 3225; x_wconf 84' lang='lat' dir='ltr'><strong>zwang</strong></span> <span class='ocrx_word' id='word_1_163' title='bbox 804 3158 915 3213; x_wconf 77' lang='lat' dir='ltr'><strong>anthim</strong></span> <span class='ocrx_word' id='word_1_164' title='bbox 935 3188 970 3197; x_wconf 95' lang='lat'>-</span> <span class='ocrx_word' id='word_1_165' title='bbox 995 3157 1202 3221; x_wconf 80' lang='lat' dir='ltr'><strong>suscitavit,</strong></span> 
     </span>
     <span class='ocr_line' id='line_1_22' title="bbox 186 3258 510 3329; baseline 0.009 -17"><span class='ocrx_word' id='word_1_166' title='bbox 186 3261 224 3312; x_wconf 91' lang='lat' dir='ltr'><strong>et</strong></span> <span class='ocrx_word' id='word_1_167' title='bbox 242 3258 311 3329; x_wconf 86' lang='lat' dir='ltr'><strong>ubi]</strong></span> <span class='ocrx_word' id='word_1_168' title='bbox 331 3275 362 3323; x_wconf 78' lang='grc'><strong>0.,</strong></span> <span class='ocrx_word' id='word_1_169' title='bbox 382 3260 428 3313; x_wconf 91' lang='lat' dir='ltr'><strong>ubi</strong></span> <span class='ocrx_word' id='word_1_170' title='bbox 446 3259 510 3317; x_wconf 83' lang='lat' dir='ltr'><strong>Soll.</strong></span> 
     </span>
    </p>

    <p class='ocr_par' dir='ltr' id='par_1_9' title="bbox 183 3349 1202 3815">
     <span class='ocr_line' id='line_1_23' title="bbox 259 3349 1202 3428; baseline -0.008 -18"><span class='ocrx_word' id='word_1_171' title='bbox 259 3358 286 3416; x_wconf 83' lang='lat'><strong>9,</strong></span> <span class='ocrx_word' id='word_1_172' title='bbox 313 3359 428 3411; x_wconf 90' lang='lat' dir='ltr'><strong>monte</strong></span> <span class='ocrx_word' id='word_1_173' title='bbox 446 3357 584 3428; x_wconf 85' lang='lat' dir='ltr'><strong>Phemo]</strong></span> <span class='ocrx_word' id='word_1_174' title='bbox 604 3355 657 3408; x_wconf 88' lang='lat' dir='ltr'><strong>Mit</strong></span> <span class='ocrx_word' id='word_1_175' title='bbox 674 3354 755 3419; x_wconf 69' lang='lat' dir='ltr'><strong>Mas„</strong></span> <span class='ocrx_word' id='word_1_176' title='bbox 781 3353 854 3419; x_wconf 85' lang='grc'><strong>8011,</strong></span> <span class='ocrx_word' id='word_1_177' title='bbox 881 3353 972 3407; x_wconf 85' lang='lat' dir='ltr'><strong>Felck.</strong></span> <span class='ocrx_word' id='word_1_178' title='bbox 998 3367 1072 3404; x_wconf 91' lang='lat' dir='ltr'><strong>muss</strong></span> <span class='ocrx_word' id='word_1_179' title='bbox 1096 3349 1202 3403; x_wconf 84' lang='lat' dir='ltr'><strong>Phanio</strong></span> 
     </span>
     <span class='ocr_line' id='line_1_24' title="bbox 186 3447 1202 3526; baseline -0.01 -17"><span class='ocrx_word' id='word_1_180' title='bbox 186 3456 298 3524; x_wconf 86' lang='lat' dir='ltr'><strong>gelescn</strong></span> <span class='ocrx_word' id='word_1_181' title='bbox 316 3454 429 3511; x_wconf 85' lang='lat' dir='ltr'><strong>werden.</strong></span> <span class='ocrx_word' id='word_1_182' title='bbox 466 3453 563 3510; x_wconf 87' lang='lat' dir='ltr'><strong>Arculf</strong></span> <span class='ocrx_word' id='word_1_183' title='bbox 578 3454 697 3509; x_wconf 84' lang='lat' dir='ltr'><strong>schreibt</strong></span> <span class='ocrx_word' id='word_1_184' title='bbox 715 3456 751 3526; x_wconf 79' lang='lat'><strong>(2,</strong></span> <span class='ocrx_word' id='word_1_185' title='bbox 773 3452 831 3523; x_wconf 85' lang='lat'>18):</span> <span class='ocrx_word' id='word_1_186' title='bbox 849 3450 1012 3513; x_wconf 83' lang='lat' dir='ltr'><strong>Notandum,</strong></span> <span class='ocrx_word' id='word_1_187' title='bbox 1031 3464 1085 3501; x_wconf 91' lang='lat' dir='ltr'><strong>non</strong></span> <span class='ocrx_word' id='word_1_188' title='bbox 1101 3463 1159 3500; x_wconf 89' lang='lat' dir='ltr'><strong>esse</strong></span> <span class='ocrx_word' id='word_1_189' title='bbox 1173 3447 1202 3499; x_wconf 92' lang='lat' dir='ltr'><strong>in</strong></span> 
     </span>
     <span class='ocr_line' id='line_1_25' title="bbox 185 3545 1201 3617; baseline -0.011 -9"><span class='ocrx_word' id='word_1_190' title='bbox 185 3554 275 3608; x_wconf 88' lang='lat' dir='ltr'><strong>Panic</strong></span> <span class='ocrx_word' id='word_1_191' title='bbox 301 3553 437 3607; x_wconf 82' lang='lat' dir='ltr'><strong>exordium</strong></span> <span class='ocrx_word' id='word_1_192' title='bbox 455 3553 594 3617; x_wconf 86' lang='lat' dir='ltr'><strong>Jordanis,</strong></span> <span class='ocrx_word' id='word_1_193' title='bbox 619 3552 666 3605; x_wconf 91' lang='lat' dir='ltr'><strong>sed</strong></span> <span class='ocrx_word' id='word_1_194' title='bbox 690 3553 719 3605; x_wconf 91' lang='lat' dir='ltr'><strong>in</strong></span> <span class='ocrx_word' id='word_1_195' title='bbox 737 3549 908 3606; x_wconf 81' lang='lat' dir='ltr'><strong>Traconitide</strong></span> <span class='ocrx_word' id='word_1_196' title='bbox 933 3551 1020 3611; x_wconf 82' lang='lat' dir='ltr'><strong>terre,</strong></span> <span class='ocrx_word' id='word_1_197' title='bbox 1048 3547 1099 3599; x_wconf 84' lang='lat'><strong>120</strong></span> <span class='ocrx_word' id='word_1_198' title='bbox 1116 3545 1201 3598; x_wconf 89' lang='lat' dir='ltr'><strong>inter·</strong></span> 
     </span>
     <span class='ocr_line' id='line_1_26' title="bbox 183 3631 1201 3722; baseline -0.01 -16"><span class='ocrx_word' id='word_1_199' title='bbox 183 3652 267 3722; x_wconf 83' lang='lat' dir='ltr'><strong>jectis</strong></span> <span class='ocrx_word' id='word_1_200' title='bbox 293 3651 389 3704; x_wconf 81' lang='lat' dir='ltr'><strong>stadiis</strong></span> <span class='ocrx_word' id='word_1_201' title='bbox 411 3667 496 3720; x_wconf 89' lang='lat' dir='ltr'><strong>usque</strong></span> <span class='ocrx_word' id='word_1_202' title='bbox 515 3651 549 3704; x_wconf 89' lang='lat' dir='ltr'><strong>ad</strong></span> <span class='ocrx_word' id='word_1_203' title='bbox 567 3650 728 3705; x_wconf 77' lang='lat' dir='ltr'><strong>Caesaream</strong></span> <span class='ocrx_word' id='word_1_204' title='bbox 745 3647 878 3718; x_wconf 84' lang='lat' dir='ltr'><strong>Philippi,</strong></span> <span class='ocrx_word' id='word_1_205' title='bbox 904 3645 952 3714; x_wconf 90' lang='lat' dir='ltr'><strong>qui</strong></span> <span class='ocrx_word' id='word_1_206' title='bbox 974 3660 1046 3699; x_wconf 87' lang='lat' dir='ltr'><strong>nuno</strong></span> <span class='ocrx_word' id='word_1_207' title='bbox 1064 3631 1201 3697; x_wconf 83' lang='lat' dir='ltr'><strong>Paniesa</strong></span> 
     </span>
     <span class='ocr_line' id='line_1_27' title="bbox 185 3740 1199 3815; baseline -0.01 -11"><span class='ocrx_word' id='word_1_208' title='bbox 185 3750 274 3804; x_wconf 83' lang='lat' dir='ltr'><strong>Penio</strong></span> <span class='ocrx_word' id='word_1_209' title='bbox 299 3750 427 3805; x_wconf 87' lang='lat' dir='ltr'><strong>monte..</strong></span> <span class='ocrx_word' id='word_1_210' title='bbox 453 3748 595 3803; x_wconf 84' lang='lat' dir='ltr'><strong>vocitetur.</strong></span> <span class='ocrx_word' id='word_1_211' title='bbox 631 3746 693 3815; x_wconf 81' lang='lat' dir='ltr'>Vgl.</span> <span class='ocrx_word' id='word_1_212' title='bbox 712 3747 762 3801; x_wconf 92' lang='lat' dir='ltr'><strong>mit</strong></span> <span class='ocrx_word' id='word_1_213' title='bbox 786 3746 874 3800; x_wconf 87' lang='lat' dir='ltr'><strong>dieser</strong></span> <span class='ocrx_word' id='word_1_214' title='bbox 897 3742 975 3797; x_wconf 88' lang='lat' dir='ltr'><strong>stelle</strong></span> <span class='ocrx_word' id='word_1_215' title='bbox 999 3741 1051 3797; x_wconf 87' lang='lat' dir='ltr'><strong>den</strong></span> <span class='ocrx_word' id='word_1_216' title='bbox 1075 3740 1199 3812; x_wconf 86' lang='lat' dir='ltr'><strong>kopiren·</strong></span> 
     </span>
    </p>
   </div>
   <div class='ocr_carea' id='block_1_3' title="bbox 988 3833 1032 3900">
    <p class='ocr_par' dir='ltr' id='par_1_10' title="bbox 988 3833 1032 3900">
     <span class='ocr_line' id='line_1_28' title="bbox 988 3833 1032 3900; baseline 0.045 -2"><span class='ocrx_word' id='word_1_217' title='bbox 988 3833 1032 3900; x_wconf 81' lang='lat'><strong>28</strong></span> 
     </span>
    </p>
   </div>
   <div class='ocr_carea' id='block_1_4' title="bbox 0 0 1396 4290">
    <p class='ocr_par' dir='ltr' id='par_1_11' title="bbox 0 0 1396 4290">
     <span class='ocr_line' id='line_1_29' title="bbox 0 0 1396 4290; baseline 0 0"><span class='ocrx_word' id='word_1_218' title='bbox 0 0 1396 4290; x_wconf 95' lang='lat' dir='ltr'><strong> </strong></span> 
     </span>
    </p>
   </div>
  </div>
 </body>
</html>
