2782 4290
1018 375 1081 445 133

62 560 154 631 latos
191 554 337 628 crinibus
371 552 526 643 detersit,
569 571 723 642 unguens
760 562 942 645 unguento.
1006 557 1082 630 Hoc

62 691 203 784 quidem
235 693 404 777 asserumt,
443 693 478 758 et
513 688 547 758 id
579 688 688 777 ipsum
722 686 795 759 loco
824 689 857 760 in
884 691 1080 780 pavimento

61 825 238 914 assignato
266 823 378 894 crucis
405 821 521 916 forma,
551 820 607 892 ubi
641 821 732 892 venit
759 820 872 893 Maria
906 825 949 895 ad
976 824 1080 916 pedes

61 959 166 1048 Jesu,
202 962 237 1028 et
269 956 303 1027 in
337 955 468 1048 pictura
496 953 685 1027 tabularum
720 956 767 1026 sic
793 954 894 1028 fidisse
927 975 1081 1048 compro·

61 1094 160 1182 baut,
191 1088 410 1163 ostendentes
437 1087 547 1160 adhuc
574 1088 730 1178 capillum
758 1088 908 1180 ejusdem
937 1089 1077 1182 Mariae,

62 1227 123 1319 qui
152 1223 343 1296 continetur
370 1223 404 1293 in
432 1222 570 1294 vasculo
583 1222 928 1315 perspicuorepertus
942 1224 1074 1298 ibidem.

142 1358 271 1430 Dicunt
297 1376 430 1448 qnoque
450 1354 549 1427 aliam
569 1353 671 1427 fuisse
691 1354 848 1446 Mariam,
879 1377 964 1449 quae
980 1380 1078 1430 soror

62 1478 140 1566 erat
168 1491 291 1564 Lazari
324 1495 360 1563 et
387 1487 558 1578 Marthae,
595 1509 680 1579 quae
713 1489 747 1559 in
774 1489 958 1582 Bethania,
989 1492 1078 1585 quod

62 1625 225 1720 oppidum
252 1624 387 1696 illorum
414 1629 489 1696 erat
515 1622 629 1712 trium,
656 1620 763 1694 iraeto
789 1624 968 1716 alabastro,
998 1646 1077 1715 pre·

60 1762 187 1834 tiosum
214 1760 424 1848 unguentum
450 1754 538 1830 fudit
564 1777 667 1849 super
693 1761 794 1848 caput
826 1759 977 1850 ejusdem
1004 1760 1076 1831 Do-

61 1893 144 1966 mini
185 1893 308 1966 nostri:
355 1892 451 1984 cujus
490 1889 695 1980 sepulturam
736 1890 845 1962 adhuc
893 1891 994 1966 hodie
1041 1893 1077 1964 in

61 2027 212 2101 Tabaria
251 2026 367 2098 dicum
406 2044 589 2117 apparere,
630 2044 772 2114 corpore
811 2024 915 2116 ipsius
951 2026 1077 2100 ibidem

61 2161 207 2255 sepulto.
267 2159 432 2233 Fatentm
464 2163 576 2230 autem
610 2179 731 2252 corpus
764 2158 896 2231 Mariae
931 2158 1075 2248 Magda-

60 2296 161 2368 lenae
187 2295 223 2366 in
249 2292 405 2384 partibus
433 2292 555 2365 nostris
587 2291 677 2384 apud
708 2290 936 2364 Verziliacum
963 2292 1074 2385 sepul-

60 2436 134 2502 tum
169 2429 352 2521 quiescere.
407 2426 539 2499 Verum
571 2427 636 2498 hoc
672 2426 785 2519 utique
819 2426 868 2497 illi
896 2423 1072 2519 affirmant,

60 2565 149 2638 sicut
183 2582 344 2656 praesens
378 2559 504 2649 audivi3
544 2559 619 2650 sed,
662 2565 701 2632 ut
735 2561 807 2652 jam
845 2560 975 2631 dietum
1010 2565 1072 2651 est,

60 2697 170 2772 nostri
197 2695 353 2769 doctores
380 2714 480 2766 unam
499 2698 534 2767 et
560 2665 711 2787 eandem,
740 2714 826 2786 quae
848 2695 943 2767 unxit
963 2688 1075 2785 'pedes

61 2836 99 2904 et
132 2834 237 2921 caput
266 2828 365 2919 lesu,
409 2828 523 2899 dicunt
564 2827 664 2899 luisse
699 2827 843 2901 Mariam
872 2833 906 2900 et
933 2829 1074 2902 eandem

58 2963 186 3038 Lazari
214 2982 366 3036 sororem
394 2967 429 3034 et
451 2961 649 3052 quandoque
663 2960 897 3050 peccatricem.
928 2963 1074 3036 Verum·

58 3104 177 3172 tamon
210 3097 311 3169 lectio
346 3094 524 3185 Evangelii
544 3093 585 3166 de
614 3093 677 3166 hoe
705 3094 823 3167 eodem
850 3094 944 3168 facto
976 3097 1073 3168 valde

60 3237 113 3306 est
140 3229 302 3323 implicita
329 3234 365 3300 et
394 3227 498 3299 etiam
526 3228 723 3318 diligentem
742 3228 933 3301 auditorem
960 3229 1073 3300 reddit

60 3365 200 3439 dubium
228 3363 271 3437 de
297 3362 378 3453 hoe,
413 3360 560 3452 scilieet,
596 3380 639 3432 an
673 3359 787 3434 Simon
814 3362 1011 3451 pharisaeus
1038 3361 1072 3430 in
1220 3357 1226 3370 '

59 3497 233 3574 Bethania
260 3495 419 3568 habuerit
452 3494 635 3586 hospitium
670 3501 706 3567 et
737 3493 929 3568 invitaverit
955 3491 1073 3564 Domi-

59 3653 148 3718 num,
179 3630 271 3724 quod
298 3635 411 3703 tamen
438 3649 505 3702 non
524 3628 660 3703 videtur
677 3628 843 3716 idoneum,
866 3627 942 3717 quia
963 3628 1073 3699 totum
