2782 4290
314 405 379 475 268

313 586 455 662 Esther:
479 585 569 675 Quia
586 583 666 676 foas
675 605 812 676 pareus
830 583 934 657 orauit
951 584 988 656 o'u
998 585 1145 674 fluuium
1157 609 1329 694 mupuum3

314 722 541 813 1111111111
567 700 976 814 plurimos'reduuduua't.
1015 719 1068 790 De
1094 719 1222 811 Tripoli
1247 721 1332 795 dua·

314 855 377 927 hus
400 853 502 926 leucis
523 858 576 928 est
602 873 719 924 mons
745 851 1079 942 Leopardorum,
1109 853 1274 927 rotundus
1295 856 1331 926 in

317 992 459 1080 aspectu
480 993 517 1061 el
540 986 619 1059 satis
636 988 733 1059 altus.
773 984 813 1056 ln
832 985 931 1077 hujus
957 985 1045 1077 p‘ede
1073 987 1254 1076 aquilonali
1281 994 1332 1061 est

320 1122 489 1213 spelunea,
517 1121 552 1192 in
581 1140 649 1211 qua
676 1123 750 1191 erat
771 1125 1033 1210 monumentum,
1061 1119 1188 1193 habens
1207 1121 1242 1193 in
1262 1122 1333 1194 lon-

317 1255 470 1346 gitudine
500 1253 621 1344 viginti
648 1251 770 1344 pedes,
801 1253 891 1346 quod
917 1254 1086 1326 sarraceni
1113 1252 1238 1326 deuote
1265 1254 1333 1327 fre-

316 1393 496 1479 quentant,
526 1386 694 1476 dieentes²
724 1385 758 1458 id
788 1407 859 1459 esse
886 1387 1155 1478 sepulchrum
1181 1386 1206 1460 J
1213 1409 1330 1480 osue,

317 1521 411 1614 quod
438 1543 504 1593 non
532 1521 650 1611 oredo,
689 1520 770 1611 quia
796 1526 909 1594 textus
935 1520 1018 1593 dioit
1035 1597 1036 1604 χ
1053 1542 1129 1594 eum
1162 1523 1332 1613 sepultum

317 1656 352 1728 in
371 1656 487 1728 ,latere
513 1653 635 1725 montis
661 1652 826 1744 Ephraim
856 1656 916 1726 46.
948 1655 1085 1748 quadro.
1131 1652 1242 1728 Credo
1274 1677 1333 1748 po·

316 1790 394 1879 tius,
421 1787 506 1869 illud
527 1809 600 1861 esse
621 1786 834 1880 sepulchrum
861 1788 1002 1880 alicujus
1020 1788 1163 1861 filiorum
1180 1789 1256 1862 Noe
1278 1791 1332 1863 vel

315 1922 456 1996 alterius
483 1922 641 1995 similium
675 1942 823 2012 eorum„
843 1920 900 2012 qui
927 1923 1017 1995 cirea
1044 1923 1103 1994 illa
1130 1925 1208 1996 looa
1234 1925 1332 1997 habi-

317 2061 407 2131 tasse
434 2056 632 2146 probantur.
676 2056 728 2128 De
756 2056 917 2146 spelunea
945 2056 1009 2128 ista
1036 2057 1178 2130 altres
1205 2058 1329 2148 leucas,

318 2191 442 2264 iterum
469 2193 587 2262 contra
614 2189 824 2281 aquilonem,
860 2189 995 2262 videtur
1029 2196 1174 2264 castrum
1201 2193 1331 2265 Araohs

285 2357 287 2362 ·
318 2317 546 2423 (Araohis),
584 2322 675 2414 quod
701 2324 885 2414 Aracheus
922 2323 1010 2396 filius
1038 2322 1184 2414 Oanaau,
1216 2325 1332 2398 aedifi-

316 2458 408 2532 cavit
434 2463 513 2550 post
541 2457 712 2554 diluvium,
740 2457 825 2530 siout
852 2456 932 2529 dicit
953 2459 1065 2547 glossa
1084 2480 1189 2549 super
1206 2457 1330 2534 Genes.

318 2598 354 2664 et
386 2591 592 2698 Paralipom.
621 2603 650 2657 .1.
705 2589 838 2662 Deinde
875 2612 939 2682 per
971 2592 1144 2682 planitiem
1178 2593 1223 2666 ad
1257 2599 1333 2667 octo

316 2726 429 2798 leucas
455 2725 658 2817 pervenitur
684 2724 719 2795 in
747 2723 1023 2797 Antiaradum
1055 2726 1110 2798 vel
1137 2732 1218 2803 ante
1246 2728 1333 2801 Ara-

318 2858 419 2930 dium.
475 2855 522 2929 m
551 2863 602 2930 est
628 2857 736 2931 insula
763 2879 783 2929 a
809 2863 902 2932 terra
933 2858 1032 2932 firma
1066 2881 1129 2951 per
1163 2860 1334 2934 dimidiam

317 2993 447 3064 leucam
474 2990 609 3066 distans.
648 2991 687 3063 ln
714 2992 900 3066 Antiarado
929 2994 1046 3067 aeuus
1073 2992 1197 3067 Petrus
1225 2998 1333 3068 multo

317 3132 468 3217 tempore
515 3124 738 3217 praedicavit,
791 3147 867 3198 oum
898 3126 1122 3199 ‘Antiochiam
1165 3129 1332 3220 tenderet,

318 3260 403 3333 siout
429 3259 465 3330 111
491 3258 666 3331 itinerario
694 3257 878 3334 Clementis
905 3260 1039 3334 dieitur.
1095 3260 1145 3333 Et
1174 3261 1332 3336 Clemens

300 3392 445 3476 ibidem
477 3392 607 3485 reperit
638 3397 785 3466 matrem
818 3415 923 3468 suam.
988 3395 1038 3468 lbi
1073 3396 1178 3468 etiam
1211 3396 1332 3470 beatus

205 3574 211 3591 s
316 3526 439 3599 Petrus
465 3526 608 3617 primam
636 3528 814 3600 ecclesiam
840 3529 1024 3601 inhonore
1043 3535 1178 3603 sanctae
1199 3529 1332 3604 Mariae

319 3659 467 3734 oonstrui
500 3658 593 3734 feeit.
647 3660 703 3735 De
737 3660 925 3734 Antiarado
962 3663 1006 3737 ad
1039 3683 1100 3737 sex
1131 3664 1250 3739 leucas
1283 3666 1335 3738 est
