2782 4290
1046 443 1109 508 251

99 639 245 710 puerum
255 619 391 693 Jesum:
414 621 480 711 qui,
504 621 663 692 continuo
685 627 873 714 surgentes,
901 624 1111 696 transierunt

99 752 145 824 ad
172 753 281 825 latera
312 754 435 826 montis
463 754 680 844 Bethlehem,
715 754 774 826 ubi
805 755 893 827 alter
926 757 968 828 ah
1003 757 1111 829 altero
1166 843 1170 850 Ι

99 891 266 959 retractus
292 885 371 978 fuit,
407 893 522 960 mutuo
555 885 683 977 dicens,
723 909 842 959 vocem
869 889 980 978 angeli
1006 890 1112 980 phan-

100 1001 210 1093 tasma
235 1020 355 1109 fuisse,
392 1026 426 1092 et
452 1021 706 1093 declinaverunt
739 1026 924 1093 retrorsum
958 1021 1001 1092 ad
1034 1042 1113 1111 gre-

100 1173 179 1243 gem
199 1172 313 1226 nuum.
371 1153 463 1225 Tunc
490 1155 610 1242 angelo
637 1153 786 1225 secundo
814 1153 907 1226 affuit
938 1160 973 1226 et
1001 1155 1113 1245 coegit

101 1308 173 1378 eos,
202 1293 240 1359 ut
265 1287 357 1360 viam
382 1285 584 1376 perlicerent
610 1291 790 1377 arreptam.
827 1289 867 1360 In
895 1287 1015 1360 eodem
1033 1289 1111 1361 loco

101 1426 153 1494 est
181 1421 326 1493 ecclesia
354 1441 430 1492 cum
455 1441 521 1492 uno
547 1419 655 1491 altari.
703 1419 818 1511 Aliqui
845 1426 959 1492 autem
986 1420 1118 1511 dicunt,-

100 1556 235 1628 beatam
256 1554 421 1643 virginem
440 1554 488 1625 ihi
508 1573 637 1624 errasse
658 1573 678 1624 a
698 1553 754 1625 via
775 1554 907 1626 ducenti
924 1555 959 1626 in
973 1555 1112 1646 Aegyp-

101 1694 189 1783 tum,
230 1686 291 1778 sed
328 1687 472 1776 primum
504 1689 612 1776 magis
651 1707 835 1760 consonum
869 1691 923 1759 est
961 1687 1110 1760 veritati.

102 1821 192 1892 Item
214 1841 235 1891 a
255 1819 456 1892 Bethlehem
483 1842 546 1911 per
572 1820 655 1893 duas
682 1823 794 1894 leucas
821 1827 937 1894 contra
963 1826 1116 1894 austrum

102 1960 181 2028 sunt
208 1954 438 2045 sepulchra
462 1953 676 2028 duodecim
704 1948 1019 2055 prophetarum.
1055 1953 1115 2027 Se·

103 2088 219 2179 quitur

182 2375 407 2461 Peregrinatio
430 2375 468 2442 do
491 2376 674 2444 Bethlehem
697 2375 738 2443 ad
760 2375 877 2442 vallem
899 2376 1036 2443 Hebron.

185 2621 225 2691 ln
245 2621 303 2692 via
327 2621 417 2692 enim
437 2621 480 2692 de
501 2621 705 2694 Bethlehem
732 2622 775 2693 ad
801 2623 926 2694 vallem
952 2623 1118 2696 Hebron

106 2754 296 2828 ostenditur
316 2755 419 2844 locus,
449 2757 507 2828 ubi
534 2753 709 2827 Abraham
735 2761 805 2828 tres
833 2753 1005 2853 (angelos)
1033 2754 1119 2828 vidit

107 2894 142 2961 et
168 2909 271 2960 unum
299 2887 467 2959 adoravit.
535 2890 575 2959 In
602 2891 758 2980 templo
785 2890 958 2962 Hebron
985 2889 1120 2961 videtur

106 3021 275 3114 quaedam
301 3022 443 3094 scissura
469 3021 681 3114 foraminesa,
711 3044 799 3113 quae
826 3025 1027 3113 spelunca
1055 3023 1119 3094 du-

106 3156 202 3247 plex
230 3154 372 3243 dicitur,
401 3176 476 3245 ·qua
508 3157 659 3245 sepultus
693 3161 744 3229 est
771 3155 896 3246 Adam,
934 3155 1118 3244 Abraham,

107 3289 201 3362 lsaac
228 3293 264 3360 et
283 3287 390 3360 Jacob
419 3292 455 3358 et
482 3308 603 3361 uxores
623 3310 750 3379 eorum,
771 3291 896 3362 scilicet
914 3287 999 3377 Eva,
1018 3287 1116 3375 Zara,

108 3422 267 3495 Rebecca
295 3427 329 3493 et
356 3421 431 3492 Lia.
491 3421 570 3493 Non
596 3422 697 3510 longe
730 3424 774 3496 ab
802 3422 926 3512 oppido
960 3424 1011 3490 est
1037 3439 1120 3506 ager

111 3555 338 3645 damascenus,
368 3575 437 3644 quo
459 3554 570 3626 Adam
596 3575 671 3626 cum
697 3555 774 3627 Eva
801 3559 853 3626 est
881 3557 1023 3626 creatus.
1058 3549 1118 3622 Se·
1173 3591 1175 3595 ·

111 3689 224 3780 quitur
