<?xml version="1.0" encoding="UTF-8"?>
<!DOCTYPE html PUBLIC "-//W3C//DTD XHTML 1.0 Transitional//EN"
    "http://www.w3.org/TR/xhtml1/DTD/xhtml1-transitional.dtd">
<html xmlns="http://www.w3.org/1999/xhtml" xml:lang="en" lang="en">
 <head>
  <title>
</title>
<meta http-equiv="Content-Type" content="text/html;charset=utf-8" />
  <meta name='ocr-system' content='tesseract 3.04.00' />
  <meta name='ocr-capabilities' content='ocr_page ocr_carea ocr_par ocr_line ocrx_word'/>
</head>
<body>
  <div class='ocr_page' id='page_1' title='image "./descriptioneste01toblgoog_0195.png"; bbox 0 0 2782 4290; ppageno 0'>
   <div class='ocr_carea' id='block_1_1' title="bbox 191 432 252 498">
    <p class='ocr_par' dir='ltr' id='par_1_1' title="bbox 191 432 252 498">
     <span class='ocr_line' id='line_1_1' title="bbox 191 432 252 498; baseline 0.066 -4"><span class='ocrx_word' id='word_1_1' title='bbox 191 432 252 498; x_wconf 86' lang='grc'>188</span> 
     </span>
    </p>
   </div>
   <div class='ocr_carea' id='block_1_2' title="bbox 186 609 1202 2040">
    <p class='ocr_par' dir='ltr' id='par_1_2' title="bbox 186 609 1202 2040">
     <span class='ocr_line' id='line_1_2' title="bbox 187 609 1195 701; baseline -0.003 -19"><span class='ocrx_word' id='word_1_2' title='bbox 187 612 310 684; x_wconf 86' lang='lat' dir='ltr'>montis</span> <span class='ocrx_word' id='word_1_3' title='bbox 334 615 397 701; x_wconf 88' lang='lat' dir='ltr'>est,</span> <span class='ocrx_word' id='word_1_4' title='bbox 426 612 461 683; x_wconf 92' lang='lat' dir='ltr'>in</span> <span class='ocrx_word' id='word_1_5' title='bbox 488 630 555 699; x_wconf 86' lang='lat' dir='ltr'>qno</span> <span class='ocrx_word' id='word_1_6' title='bbox 581 609 783 681; x_wconf 87' lang='lat' dir='ltr'>Dominus</span> <span class='ocrx_word' id='word_1_7' title='bbox 810 609 1117 681; x_wconf 75' lang='lat' dir='ltr'>sermocinatus</span> <span class='ocrx_word' id='word_1_8' title='bbox 1146 615 1195 680; x_wconf 87' lang='lat' dir='ltr'>est</span> 
     </span>
     <span class='ocr_line' id='line_1_3' title="bbox 187 740 1194 836; baseline -0.004 -19"><span class='ocrx_word' id='word_1_9' title='bbox 187 746 229 817; x_wconf 91' lang='lat' dir='ltr'>ad</span> <span class='ocrx_word' id='word_1_10' title='bbox 257 747 381 836; x_wconf 89' lang='lat' dir='ltr'>turbas,</span> <span class='ocrx_word' id='word_1_11' title='bbox 411 752 447 836; x_wconf 90' lang='lat' dir='ltr'>et</span> <span class='ocrx_word' id='word_1_12' title='bbox 472 742 627 815; x_wconf 80' lang='lat' dir='ltr'>instruxit</span> <span class='ocrx_word' id='word_1_13' title='bbox 654 740 825 830; x_wconf 87' lang='lat' dir='ltr'>apostolos</span> <span class='ocrx_word' id='word_1_14' title='bbox 851 762 938 829; x_wconf 88' lang='lat' dir='ltr'>suos,</span> <span class='ocrx_word' id='word_1_15' title='bbox 974 740 1099 813; x_wconf 88' lang='lat' dir='ltr'>docens</span> <span class='ocrx_word' id='word_1_16' title='bbox 1126 762 1194 830; x_wconf 90' lang='lat' dir='ltr'>eos,</span> 
     </span>
     <span class='ocr_line' id='line_1_4' title="bbox 186 873 1196 969; baseline -0.004 -20"><span class='ocrx_word' id='word_1_17' title='bbox 186 881 220 949; x_wconf 92' lang='lat' dir='ltr'>in</span> <span class='ocrx_word' id='word_1_18' title='bbox 249 900 315 969; x_wconf 90' lang='lat' dir='ltr'>quo</span> <span class='ocrx_word' id='word_1_19' title='bbox 343 884 378 950; x_wconf 90' lang='lat' dir='ltr'>et</span> <span class='ocrx_word' id='word_1_20' title='bbox 404 879 575 968; x_wconf 88' lang='lat' dir='ltr'>leprosum</span> <span class='ocrx_word' id='word_1_21' title='bbox 603 875 742 946; x_wconf 87' lang='lat' dir='ltr'>curavit.</span> <span class='ocrx_word' id='word_1_22' title='bbox 798 874 958 946; x_wconf 84' lang='lat' dir='ltr'>blilliario</span> <span class='ocrx_word' id='word_1_23' title='bbox 985 896 1006 946; x_wconf 92' lang='lat' dir='ltr'>a</span> <span class='ocrx_word' id='word_1_24' title='bbox 1034 873 1196 946; x_wconf 81' lang='lat' dir='ltr'>descensu</span> 
     </span>
     <span class='ocr_line' id='line_1_5' title="bbox 187 1008 1196 1100; baseline -0.004 -17"><span class='ocrx_word' id='word_1_25' title='bbox 187 1012 244 1083; x_wconf 94' lang='lat' dir='ltr'>illo</span> <span class='ocrx_word' id='word_1_26' title='bbox 273 1017 323 1083; x_wconf 88' lang='lat' dir='ltr'>est</span> <span class='ocrx_word' id='word_1_27' title='bbox 350 1013 459 1100; x_wconf 82' lang='lat' dir='ltr'>locus,</span> <span class='ocrx_word' id='word_1_28' title='bbox 495 1010 529 1083; x_wconf 90' lang='lat' dir='ltr'>in</span> <span class='ocrx_word' id='word_1_29' title='bbox 558 1029 624 1098; x_wconf 79' lang='lat' dir='ltr'>(luo</span> <span class='ocrx_word' id='word_1_30' title='bbox 651 1009 746 1098; x_wconf 88' lang='lat' dir='ltr'>pavit</span> <span class='ocrx_word' id='word_1_31' title='bbox 775 1009 920 1099; x_wconf 89' lang='lat' dir='ltr'>quinque</span> <span class='ocrx_word' id='word_1_32' title='bbox 955 1008 1058 1079; x_wconf 89' lang='lat' dir='ltr'>millia</span> <span class='ocrx_word' id='word_1_33' title='bbox 1091 1008 1196 1080; x_wconf 90' lang='lat' dir='ltr'>bomi-</span> 
     </span>
     <span class='ocr_line' id='line_1_6' title="bbox 187 1140 1196 1236; baseline -0.003 -20"><span class='ocrx_word' id='word_1_34' title='bbox 187 1167 266 1216; x_wconf 91' lang='lat' dir='ltr'>num</span> <span class='ocrx_word' id='word_1_35' title='bbox 294 1168 335 1218; x_wconf 86' lang='lat' dir='ltr'>ex</span> <span class='ocrx_word' id='word_1_36' title='bbox 353 1145 498 1236; x_wconf 90' lang='lat' dir='ltr'>quinque</span> <span class='ocrx_word' id='word_1_37' title='bbox 525 1142 666 1232; x_wconf 88' lang='lat' dir='ltr'>panibus</span> <span class='ocrx_word' id='word_1_38' title='bbox 694 1146 728 1212; x_wconf 92' lang='lat' dir='ltr'>et</span> <span class='ocrx_word' id='word_1_39' title='bbox 750 1142 880 1214; x_wconf 84' lang='lat' dir='ltr'>duobus</span> <span class='ocrx_word' id='word_1_40' title='bbox 907 1141 1061 1232; x_wconf 82' lang='lat' dir='ltr'>piscibus</span> <span class='ocrx_word' id='word_1_41' title='bbox 1098 1140 1196 1214; x_wconf 85' lang='lat' dir='ltr'>Unde</span> 
     </span>
     <span class='ocr_line' id='line_1_7' title="bbox 187 1275 1195 1368; baseline -0.001 -19"><span class='ocrx_word' id='word_1_42' title='bbox 187 1280 282 1349; x_wconf 87' lang='lat' dir='ltr'>locus</span> <span class='ocrx_word' id='word_1_43' title='bbox 309 1278 366 1349; x_wconf 95' lang='lat' dir='ltr'>ille</span> <span class='ocrx_word' id='word_1_44' title='bbox 396 1277 539 1349; x_wconf 87' lang='lat' dir='ltr'>Mensa</span> <span class='ocrx_word' id='word_1_45' title='bbox 566 1281 721 1367; x_wconf 87' lang='lat' dir='ltr'>vocatur,</span> <span class='ocrx_word' id='word_1_46' title='bbox 751 1277 845 1366; x_wconf 88' lang='lat' dir='ltr'>quasi</span> <span class='ocrx_word' id='word_1_47' title='bbox 871 1276 963 1348; x_wconf 86' lang='lat' dir='ltr'>locus</span> <span class='ocrx_word' id='word_1_48' title='bbox 991 1275 1195 1368; x_wconf 77' lang='lat' dir='ltr'>refectionis⁷</span> 
     </span>
     <span class='ocr_line' id='line_1_8' title="bbox 187 1409 1198 1502; baseline -0.001 -20"><span class='ocrx_word' id='word_1_49' title='bbox 187 1412 240 1482; x_wconf 87' lang='lat' dir='ltr'>cui</span> <span class='ocrx_word' id='word_1_50' title='bbox 266 1411 362 1483; x_wconf 87' lang='lat' dir='ltr'>locus</span> <span class='ocrx_word' id='word_1_51' title='bbox 387 1411 542 1502; x_wconf 89' lang='lat' dir='ltr'>subjacet</span> <span class='ocrx_word' id='word_1_52' title='bbox 573 1411 648 1501; x_wconf 85' lang='lat' dir='ltr'>ille,</span> <span class='ocrx_word' id='word_1_53' title='bbox 684 1412 717 1481; x_wconf 95' lang='lat' dir='ltr'>in</span> <span class='ocrx_word' id='word_1_54' title='bbox 751 1432 817 1500; x_wconf 92' lang='lat' dir='ltr'>quo</span> <span class='ocrx_word' id='word_1_55' title='bbox 845 1409 997 1482; x_wconf 87' lang='lat' dir='ltr'>Christus</span> <span class='ocrx_word' id='word_1_56' title='bbox 1033 1416 1111 1500; x_wconf 90' lang='lat' dir='ltr'>post</span> <span class='ocrx_word' id='word_1_57' title='bbox 1143 1432 1198 1481; x_wconf 89' lang='lat' dir='ltr'>re-</span> 
     </span>
     <span class='ocr_line' id='line_1_9' title="bbox 187 1544 1200 1636; baseline 0 -19"><span class='ocrx_word' id='word_1_58' title='bbox 187 1545 428 1617; x_wconf 88' lang='lat' dir='ltr'>surrectionem</span> <span class='ocrx_word' id='word_1_59' title='bbox 456 1566 547 1618; x_wconf 91' lang='lat' dir='ltr'>suam</span> <span class='ocrx_word' id='word_1_60' title='bbox 578 1545 748 1636; x_wconf 87' lang='lat' dir='ltr'>discipulis</span> <span class='ocrx_word' id='word_1_61' title='bbox 781 1544 848 1616; x_wconf 84' lang='lat' dir='ltr'>suis</span> <span class='ocrx_word' id='word_1_62' title='bbox 876 1546 1047 1636; x_wconf 86' lang='lat' dir='ltr'>apparuit,</span> <span class='ocrx_word' id='word_1_63' title='bbox 1088 1563 1200 1617; x_wconf 89' lang='lat' dir='ltr'>corne·</span> 
     </span>
     <span class='ocr_line' id='line_1_10' title="bbox 191 1678 1200 1772; baseline -0.002 -20"><span class='ocrx_word' id='word_1_64' title='bbox 191 1681 273 1752; x_wconf 86' lang='lat' dir='ltr'>dens</span> <span class='ocrx_word' id='word_1_65' title='bbox 300 1701 374 1751; x_wconf 87' lang='lat' dir='ltr'>cum</span> <span class='ocrx_word' id='word_1_66' title='bbox 402 1681 451 1753; x_wconf 89' lang='lat' dir='ltr'>eis</span> <span class='ocrx_word' id='word_1_67' title='bbox 478 1687 608 1772; x_wconf 88' lang='lat' dir='ltr'>partem</span> <span class='ocrx_word' id='word_1_68' title='bbox 635 1679 737 1772; x_wconf 86' lang='lat' dir='ltr'>piscis</span> <span class='ocrx_word' id='word_1_69' title='bbox 764 1678 829 1750; x_wconf 87' lang='lat' dir='ltr'>assi</span> <span class='ocrx_word' id='word_1_70' title='bbox 855 1699 1078 1769; x_wconf 77' lang='lat' dir='ltr'>supremam,</span> <span class='ocrx_word' id='word_1_71' title='bbox 1110 1680 1200 1769; x_wconf 92' lang='lat' dir='ltr'>quod</span> 
     </span>
     <span class='ocr_line' id='line_1_11' title="bbox 191 1812 1202 1904; baseline -0.001 -20"><span class='ocrx_word' id='word_1_72' title='bbox 191 1815 278 1886; x_wconf 90' lang='lat' dir='ltr'>idem</span> <span class='ocrx_word' id='word_1_73' title='bbox 299 1814 464 1887; x_wconf 89' lang='lat' dir='ltr'>Dominus</span> <span class='ocrx_word' id='word_1_74' title='bbox 490 1816 576 1888; x_wconf 88' lang='lat' dir='ltr'>sicco</span> <span class='ocrx_word' id='word_1_75' title='bbox 603 1815 692 1904; x_wconf 89' lang='lat' dir='ltr'>pede</span> <span class='ocrx_word' id='word_1_76' title='bbox 720 1812 975 1904; x_wconf 85' lang='lat' dir='ltr'>perambulavit,</span> <span class='ocrx_word' id='word_1_77' title='bbox 1006 1834 1082 1883; x_wconf 89' lang='lat' dir='ltr'>cum</span> <span class='ocrx_word' id='word_1_78' title='bbox 1109 1815 1202 1886; x_wconf 87' lang='lat' dir='ltr'>circa</span> 
     </span>
     <span class='ocr_line' id='line_1_12' title="bbox 188 1945 1201 2040; baseline -0.001 -22"><span class='ocrx_word' id='word_1_79' title='bbox 188 1954 343 2040; x_wconf 88' lang='lat' dir='ltr'>quartam</span> <span class='ocrx_word' id='word_1_80' title='bbox 371 1950 483 2020; x_wconf 88' lang='lat' dir='ltr'>noctis</span> <span class='ocrx_word' id='word_1_81' title='bbox 511 1948 658 2037; x_wconf 81' lang='lat' dir='ltr'>vigiliam</span> <span class='ocrx_word' id='word_1_82' title='bbox 685 1947 791 2020; x_wconf 89' lang='lat' dir='ltr'>Petro</span> <span class='ocrx_word' id='word_1_83' title='bbox 820 1952 855 2018; x_wconf 89' lang='lat' dir='ltr'>et</span> <span class='ocrx_word' id='word_1_84' title='bbox 879 1945 1039 2019; x_wconf 86' lang='lat' dir='ltr'>Andreae</span> <span class='ocrx_word' id='word_1_85' title='bbox 1067 1947 1201 2035; x_wconf 87' lang='lat' dir='ltr'>piscan-</span> 
     </span>
    </p>
   </div>
   <div class='ocr_carea' id='block_1_3' title="bbox 39 2069 1201 2174">
    <p class='ocr_par' dir='ltr' id='par_1_3' title="bbox 39 2069 1201 2174">
     <span class='ocr_line' id='line_1_13' title="bbox 39 2069 1201 2174; baseline -0.002 -20"><span class='ocrx_word' id='word_1_86' title='bbox 39 2069 41 2076; x_wconf 66' lang='grc'><strong>’</strong></span> <span class='ocrx_word' id='word_1_87' title='bbox 187 2082 274 2155; x_wconf 90' lang='lat' dir='ltr'>tibus</span> <span class='ocrx_word' id='word_1_88' title='bbox 301 2083 477 2174; x_wconf 82' lang='lat' dir='ltr'>apparuit,</span> <span class='ocrx_word' id='word_1_89' title='bbox 513 2082 570 2155; x_wconf 94' lang='lat' dir='ltr'>ubi</span> <span class='ocrx_word' id='word_1_90' title='bbox 599 2087 634 2153; x_wconf 92' lang='lat' dir='ltr'>et</span> <span class='ocrx_word' id='word_1_91' title='bbox 661 2081 768 2155; x_wconf 90' lang='lat' dir='ltr'>Petro</span> <span class='ocrx_word' id='word_1_92' title='bbox 795 2101 898 2171; x_wconf 83' lang='lat' dir='ltr'>supra</span> <span class='ocrx_word' id='word_1_93' title='bbox 924 2101 1018 2152; x_wconf 86' lang='lat' dir='ltr'>mare</span> <span class='ocrx_word' id='word_1_94' title='bbox 1051 2080 1095 2151; x_wconf 91' lang='lat' dir='ltr'>ad</span> <span class='ocrx_word' id='word_1_95' title='bbox 1123 2102 1201 2152; x_wconf 90' lang='lat' dir='ltr'>eum</span> 
     </span>
    </p>
   </div>
   <div class='ocr_carea' id='block_1_4' title="bbox 174 2211 1202 3782">
    <p class='ocr_par' dir='ltr' id='par_1_4' title="bbox 174 2211 1202 2973">
     <span class='ocr_line' id='line_1_14' title="bbox 174 2211 1200 2304; baseline -0.001 -16"><span class='ocrx_word' id='word_1_96' title='bbox 174 2219 238 2290; x_wconf 87' lang='grc'>1111</span> <span class='ocrx_word' id='word_1_97' title='bbox 258 2217 388 2290; x_wconf 91' lang='lat' dir='ltr'>volenti</span> <span class='ocrx_word' id='word_1_98' title='bbox 416 2222 451 2289; x_wconf 90' lang='lat' dir='ltr'>et</span> <span class='ocrx_word' id='word_1_99' title='bbox 476 2216 643 2304; x_wconf 85' lang='lat' dir='ltr'>mergenti</span> <span class='ocrx_word' id='word_1_100' title='bbox 671 2216 717 2286; x_wconf 90' lang='lat' dir='ltr'>ait</span> <span class='ocrx_word' id='word_1_101' title='bbox 731 2213 898 2288; x_wconf 81' lang='lat' dir='ltr'>Christus:</span> <span class='ocrx_word' id='word_1_102' title='bbox 927 2211 1092 2286; x_wconf 82' lang='lat' dir='ltr'>Modicoe</span> <span class='ocrx_word' id='word_1_103' title='bbox 1104 2213 1200 2302; x_wconf 72' lang='lat' dir='ltr'>aaa,</span> 
     </span>
     <span class='ocr_line' id='line_1_15' title="bbox 188 2347 1202 2442; baseline -0.002 -20"><span class='ocrx_word' id='word_1_104' title='bbox 188 2372 296 2442; x_wconf 82' lang='lat' dir='ltr'>qnare</span> <span class='ocrx_word' id='word_1_105' title='bbox 329 2347 520 2421; x_wconf 77' lang='lat' dir='ltr'>dubitasti?</span> <span class='ocrx_word' id='word_1_106' title='bbox 560 2348 617 2420; x_wconf 93' lang='lat' dir='ltr'>ubi</span> <span class='ocrx_word' id='word_1_107' title='bbox 654 2353 690 2420; x_wconf 92' lang='lat' dir='ltr'>et</span> <span class='ocrx_word' id='word_1_108' title='bbox 725 2348 791 2418; x_wconf 88' lang='lat' dir='ltr'>alia</span> <span class='ocrx_word' id='word_1_109' title='bbox 828 2347 899 2419; x_wconf 92' lang='lat' dir='ltr'>vice</span> <span class='ocrx_word' id='word_1_110' title='bbox 933 2347 999 2420; x_wconf 89' lang='lat' dir='ltr'>suis</span> <span class='ocrx_word' id='word_1_111' title='bbox 1034 2348 1202 2439; x_wconf 84' lang='lat' dir='ltr'>discipulis</span> 
     </span>
     <span class='ocr_line' id='line_1_16' title="bbox 190 2481 1197 2573; baseline -0.004 -17"><span class='ocrx_word' id='word_1_112' title='bbox 190 2484 472 2573; x_wconf 65' lang='lat' dir='ltr'>periclitantibus</span> <span class='ocrx_word' id='word_1_113' title='bbox 503 2483 713 2573; x_wconf 88' lang='lat' dir='ltr'>sperantibus</span> <span class='ocrx_word' id='word_1_114' title='bbox 740 2502 834 2553; x_wconf 89' lang='lat' dir='ltr'>mare</span> <span class='ocrx_word' id='word_1_115' title='bbox 863 2482 1013 2572; x_wconf 90' lang='lat' dir='ltr'>quietum</span> <span class='ocrx_word' id='word_1_116' title='bbox 1040 2481 1197 2554; x_wconf 89' lang='lat' dir='ltr'>reddidit.</span> 
     </span>
     <span class='ocr_line' id='line_1_17' title="bbox 190 2614 1202 2705; baseline 0 -18"><span class='ocrx_word' id='word_1_117' title='bbox 190 2618 229 2687; x_wconf 91' lang='lat' dir='ltr'>ln</span> <span class='ocrx_word' id='word_1_118' title='bbox 256 2617 392 2690; x_wconf 87' lang='lat' dir='ltr'>sinistro</span> <span class='ocrx_word' id='word_1_119' title='bbox 422 2617 536 2705; x_wconf 85' lang='lat' dir='ltr'>capite</span> <span class='ocrx_word' id='word_1_120' title='bbox 563 2615 679 2705; x_wconf 84' lang='lat' dir='ltr'>maris,</span> <span class='ocrx_word' id='word_1_121' title='bbox 715 2615 837 2687; x_wconf 90' lang='lat' dir='ltr'>montis</span> <span class='ocrx_word' id='word_1_122' title='bbox 864 2615 898 2685; x_wconf 93' lang='lat' dir='ltr'>in</span> <span class='ocrx_word' id='word_1_123' title='bbox 926 2636 1092 2705; x_wconf 90' lang='lat' dir='ltr'>concavo,</span> <span class='ocrx_word' id='word_1_124' title='bbox 1128 2614 1202 2689; x_wconf 88' lang='lat' dir='ltr'>Ge-</span> 
     </span>
     <span class='ocr_line' id='line_1_18' title="bbox 188 2749 1201 2840; baseline 0.001 -19"><span class='ocrx_word' id='word_1_125' title='bbox 188 2749 412 2840; x_wconf 78' lang='grc'><strong>11111111,</strong></span> <span class='ocrx_word' id='word_1_126' title='bbox 442 2751 534 2822; x_wconf 87' lang='lat' dir='ltr'>locus</span> <span class='ocrx_word' id='word_1_127' title='bbox 562 2771 679 2822; x_wconf 88' lang='lat' dir='ltr'>auram</span> <span class='ocrx_word' id='word_1_128' title='bbox 706 2769 882 2839; x_wconf 79' lang='lat' dir='ltr'>generans,</span> <span class='ocrx_word' id='word_1_129' title='bbox 912 2749 1003 2840; x_wconf 89' lang='lat' dir='ltr'>quod</span> <span class='ocrx_word' id='word_1_130' title='bbox 1027 2750 1137 2822; x_wconf 91' lang='lat' dir='ltr'>adhuc</span> <span class='ocrx_word' id='word_1_131' title='bbox 1160 2750 1201 2822; x_wconf 91' lang='lat' dir='ltr'>ab</span> 
     </span>
     <span class='ocr_line' id='line_1_19' title="bbox 187 2883 700 2973; baseline -0.006 -19"><span class='ocrx_word' id='word_1_132' title='bbox 187 2885 253 2957; x_wconf 86' lang='lat' dir='ltr'>illis</span> <span class='ocrx_word' id='word_1_133' title='bbox 280 2884 519 2973; x_wconf 88' lang='lat' dir='ltr'>praesentibus</span> <span class='ocrx_word' id='word_1_134' title='bbox 545 2883 700 2956; x_wconf 89' lang='lat' dir='ltr'>sentitur.</span> 
     </span>
    </p>

    <p class='ocr_par' dir='ltr' id='par_1_5' title="bbox 186 3015 1201 3782">
     <span class='ocr_line' id='line_1_20' title="bbox 268 3015 1199 3109; baseline -0.001 -19"><span class='ocrx_word' id='word_1_135' title='bbox 268 3017 421 3091; x_wconf 75' lang='grc'><strong>8111111111</strong></span> <span class='ocrx_word' id='word_1_136' title='bbox 444 3018 641 3090; x_wconf 82' lang='lat' dir='ltr'>milliarios</span> <span class='ocrx_word' id='word_1_137' title='bbox 661 3015 878 3090; x_wconf 85' lang='lat' dir='ltr'>Genezaretb</span> <span class='ocrx_word' id='word_1_138' title='bbox 908 3017 1067 3109; x_wconf 92' lang='lat' dir='ltr'>oppidum</span> <span class='ocrx_word' id='word_1_139' title='bbox 1088 3016 1199 3108; x_wconf 84' lang='lat' dir='ltr'>Mag·</span> 
     </span>
     <span class='ocr_line' id='line_1_21' title="bbox 187 3148 1201 3242; baseline 0.001 -18"><span class='ocrx_word' id='word_1_140' title='bbox 187 3152 340 3242; x_wconf 89' lang='lat' dir='ltr'>dalum,</span> <span class='ocrx_word' id='word_1_141' title='bbox 377 3172 491 3242; x_wconf 91' lang='lat' dir='ltr'>aquo</span> <span class='ocrx_word' id='word_1_142' title='bbox 525 3150 638 3224; x_wconf 90' lang='lat' dir='ltr'>Maria</span> <span class='ocrx_word' id='word_1_143' title='bbox 671 3148 885 3238; x_wconf 82' lang='lat' dir='ltr'>Magdalena.</span> <span class='ocrx_word' id='word_1_144' title='bbox 953 3149 1052 3224; x_wconf 89' lang='lat' dir='ltr'>Haec</span> <span class='ocrx_word' id='word_1_145' title='bbox 1084 3157 1201 3225; x_wconf 88' lang='lat' dir='ltr'>autem</span> 
     </span>
     <span class='ocr_line' id='line_1_22' title="bbox 187 3283 1200 3381; baseline 0.001 -24"><span class='ocrx_word' id='word_1_146' title='bbox 187 3287 284 3381; x_wconf 81' lang='lat' dir='ltr'>regio</span> <span class='ocrx_word' id='word_1_147' title='bbox 318 3291 460 3359; x_wconf 87' lang='lat' dir='ltr'>vocatur</span> <span class='ocrx_word' id='word_1_148' title='bbox 494 3283 648 3358; x_wconf 86' lang='lat' dir='ltr'>Galilaea</span> <span class='ocrx_word' id='word_1_149' title='bbox 688 3283 857 3373; x_wconf 81' lang='lat' dir='ltr'>gentium,</span> <span class='ocrx_word' id='word_1_150' title='bbox 905 3289 942 3357; x_wconf 93' lang='lat' dir='ltr'>et</span> <span class='ocrx_word' id='word_1_151' title='bbox 978 3286 1044 3356; x_wconf 91' lang='lat' dir='ltr'>sita</span> <span class='ocrx_word' id='word_1_152' title='bbox 1084 3292 1136 3358; x_wconf 85' lang='lat' dir='ltr'>est</span> <span class='ocrx_word' id='word_1_153' title='bbox 1167 3286 1200 3357; x_wconf 87' lang='lat' dir='ltr'>iu</span> 
     </span>
     <span class='ocr_line' id='line_1_23' title="bbox 188 3417 1200 3511; baseline 0.001 -21"><span class='ocrx_word' id='word_1_154' title='bbox 188 3420 280 3493; x_wconf 85' lang='lat' dir='ltr'>tribu</span> <span class='ocrx_word' id='word_1_155' title='bbox 306 3419 459 3492; x_wconf 86' lang='lat' dir='ltr'>Zabulon</span> <span class='ocrx_word' id='word_1_156' title='bbox 480 3423 515 3491; x_wconf 88' lang='lat' dir='ltr'>et</span> <span class='ocrx_word' id='word_1_157' title='bbox 535 3417 737 3509; x_wconf 87' lang='lat' dir='ltr'>Napbtalim.</span> <span class='ocrx_word' id='word_1_158' title='bbox 795 3419 835 3488; x_wconf 92' lang='lat' dir='ltr'>In</span> <span class='ocrx_word' id='word_1_159' title='bbox 850 3418 1081 3507; x_wconf 88' lang='lat' dir='ltr'>superioribus</span> <span class='ocrx_word' id='word_1_160' title='bbox 1101 3418 1200 3511; x_wconf 87' lang='lat' dir='ltr'>hujus</span> 
     </span>
     <span class='ocr_line' id='line_1_24' title="bbox 187 3551 1199 3642; baseline -0.003 -16"><span class='ocrx_word' id='word_1_161' title='bbox 187 3553 359 3626; x_wconf 83' lang='lat' dir='ltr'>Galilaeae</span> <span class='ocrx_word' id='word_1_162' title='bbox 379 3551 499 3642; x_wconf 83' lang='lat' dir='ltr'>viginti</span> <span class='ocrx_word' id='word_1_163' title='bbox 526 3552 622 3626; x_wconf 86' lang='lat' dir='ltr'>luere</span> <span class='ocrx_word' id='word_1_164' title='bbox 650 3552 819 3642; x_wconf 85' lang='lat' dir='ltr'>civitates,</span> <span class='ocrx_word' id='word_1_165' title='bbox 846 3572 929 3641; x_wconf 87' lang='lat' dir='ltr'>quas</span> <span class='ocrx_word' id='word_1_166' title='bbox 956 3572 1016 3623; x_wconf 86' lang='lat' dir='ltr'>rex</span> <span class='ocrx_word' id='word_1_167' title='bbox 1043 3552 1199 3625; x_wconf 84' lang='lat' dir='ltr'>Salomon</span> 
     </span>
     <span class='ocr_line' id='line_1_25' title="bbox 186 3684 1197 3782; baseline -0.001 -25"><span class='ocrx_word' id='word_1_168' title='bbox 186 3685 322 3774; x_wconf 81' lang='grc'><strong>11111111,</strong></span> <span class='ocrx_word' id='word_1_169' title='bbox 357 3686 431 3774; x_wconf 85' lang='lat' dir='ltr'>regi</span> <span class='ocrx_word' id='word_1_170' title='bbox 465 3684 561 3776; x_wconf 86' lang='lat' dir='ltr'>Tyri,</span> <span class='ocrx_word' id='word_1_171' title='bbox 597 3684 702 3782; x_wconf 88' lang='lat' dir='ltr'>amico</span> <span class='ocrx_word' id='word_1_172' title='bbox 736 3706 814 3777; x_wconf 83' lang='lat' dir='ltr'>suo,</span> <span class='ocrx_word' id='word_1_173' title='bbox 852 3685 941 3758; x_wconf 89' lang='lat' dir='ltr'>douo</span> <span class='ocrx_word' id='word_1_174' title='bbox 969 3686 1078 3759; x_wconf 89' lang='lat' dir='ltr'>dedit.</span> <span class='ocrx_word' id='word_1_175' title='bbox 1140 3684 1197 3757; x_wconf 83' lang='lat' dir='ltr'>Se·</span> 
     </span>
    </p>
   </div>
   <div class='ocr_carea' id='block_1_5' title="bbox 0 0 1396 4290">
    <p class='ocr_par' dir='ltr' id='par_1_6' title="bbox 0 0 1396 4290">
     <span class='ocr_line' id='line_1_26' title="bbox 0 0 1396 4290; baseline 0 0"><span class='ocrx_word' id='word_1_176' title='bbox 0 0 1396 4290; x_wconf 95' lang='lat' dir='ltr'> </span> 
     </span>
    </p>
   </div>
  </div>
 </body>
</html>
