2782 4290
892 443 895 449 ’
1005 418 1071 499 429

59 589 148 665 (initio
176 585 278 647 Psalmi
306 585 366 662 ns)
401 585 485 647 fuisso
518 587 656 647 Christum
689 591 883 664 Hierosolymis
899 597 945 651 in
969 599 1072 668 templo

59 691 261 753 circumcisum
287 690 367 744 alleiu
390 689 432 743 die
450 693 532 744 worte
557 691 603 744 des
622 692 740 746 Hilarius
764 693 871 748 leuton:
890 693 923 749 In
940 695 992 749 hoc
1010 700 1071 751 octo

59 791 162 845 dierum
185 804 307 853 numero,
332 802 392 841 eum
411 787 535 842 Christus
561 789 827 846 circumcisione
849 808 914 847 non
939 797 1071 861 egeret,

58 889 166 944 oblatus
191 888 219 941 in
242 886 342 955 templo
367 886 416 938 est.
456 884 595 939 Demnach
620 892 688 941 were
707 887 831 942 Christus
856 905 906 958 gar
930 891 1006 946 nicht
1023 892 1072 946 be·

12 968 15 973 ⁵
58 987 197 1042 schnitten
214 983 328 1038 worden.
353 1013 389 1024 -
417 982 506 1052 apud
525 983 715 1057 Cerasium]
741 1003 813 1049 mss,
839 987 886 1052 dr.,
915 989 1070 1044 cortesium

57 1086 163 1139 Innom.
181 1082 227 1136 VI.
254 1080 395 1136 Naumanu
419 1081 436 1134 l.
462 1096 484 1134 c.
502 1082 545 1135 41.
586 1083 618 1136 In
642 1082 716 1137 einer
739 1084 913 1154 abhandlung
936 1085 1001 1140 liber
1025 1087 1069 1141 die

58 1183 175 1236 vorhaut
193 1180 296 1234 Christi
314 1179 400 1233 heisst
412 1196 440 1232 es
453 1179 496 1232 bei
509 1178 559 1232 dcn
572 1179 758 1235 bollandisteu
776 1182 856 1251 (Acta
869 1187 953 1238 sanct.
966 1187 1030 1239 tom.
1048 1187 1069 1240 l.

57 1299 83 1351 p.
102 1281 157 1349 41»)
177 1295 236 1332 vom
254 1277 337 1344 kbnig
353 1276 420 1330 Karl
438 1276 498 1330 dem
516 1276 636 1331 Kahlen:
655 1278 701 1347 qui
718 1281 813 1347 postea
834 1280 863 1334 in
882 1280 939 1349 ejus
962 1283 1069 1337 nomine

57 1377 251 1434 monasterium
269 1375 302 1431 de
315 1374 438 1428 corrosio
456 1374 634 1428 Pictaviensis
653 1375 781 1430 dioecesis
800 1378 958 1444 aedificavit,
976 1380 1005 1433 id
1018 1384 1068 1447 est,

56 1476 236 1549 praeputiata,
263 1472 434 1542 nuncupavit.
477 1471 510 1525 In
533 1473 568 1526 M.
592 1473 738 1542 Bouqust's
761 1475 873 1530 Recuml
896 1477 943 1530 des
974 1478 1068 1533 Histo-
1105 1517 1107 1520 -

56 1578 129 1630 riens
147 1575 194 1628 des
206 1571 305 1626 Gaules
323 1570 427 1625 erfahrt
446 1586 508 1623 man
526 1569 637 1624 hiberes
656 1571 730 1640 (tom.
744 1573 768 1625 7.
781 1588 806 1641 p.
819 1574 879 1627 270.
897 1575 975 1628 Puris
990 1577 1066 1640 1749,

57 1674 128 1729 nach
146 1672 206 1726 dem
217 1669 369 1724 chronicon
386 1669 514 1747 sithiense
528 1685 548 1721 s.
560 1668 688 1738 Bortini):
707 1669 866 1725 Aedificavlt
884 1672 967 1743 (0.0.)
984 1673 1067 1727 etiam
1109 1702 1112 1709 ·

56 1773 86 1827 in
104 1769 252 1839 Aquitania
269 1764 462 1820 monasterium
480 1765 550 1834 apud
569 1765 751 1831 Camoienum
770 1767 798 1820 in
815 1784 867 1837 qno
885 1771 976 1838 posuit
992 1788 1070 1840 prae·

56 1869 164 1939 putinm
187 1868 220 1921 D.
244 1864 280 1920 N.
298 1864 323 1918 J.
341 1863 371 1918 d.
420 1862 477 1916 Das
505 1843 655 1918 carrofense
686 1866 878 1919 monasterium
901 1867 939 1920 ist
966 1869 1014 1921 das
1041 1869 1070 1922 in

57 1967 197 2021 charroux
216 1963 280 2016 oder
298 1962 414 2025 Charon,
439 1961 513 2015 einer
534 1961 640 2015 kleinen
663 1963 738 2016 stadt
759 1963 788 2016 in
805 1963 976 2018 Franlsreich.
1012 1966 1069 2018 Das

57 2065 160 2118 kloster
179 2062 263 2116 solbet
280 2061 353 2115 hiess
371 2058 469 2113 Carnos
485 2059 517 2112 de
536 2059 561 2112 S.
576 2059 707 2139 Servent.
725 2060 830 2114 Bruzen
850 2061 884 2114 ad
903 2077 957 2116 voc.

129 2162 154 2214 4.
181 2159 277 2214 Nunc
296 2174 375 2212 vero
394 2173 489 2210 eamn
497 2157 519 2228 s]
534 2157 565 2221 Τ,
583 2157 722 2211 redeamus
740 2157 812 2222 ΒΜ,
831 2159 869 2213 dr.
892 2159 942 2213 Ich
960 2159 1070 2214 andeste

57 2278 88 2315 so
107 2260 150 2324 ab,
168 2258 228 2312 weil
243 2257 286 2310 die
299 2257 381 2310 worte
400 2255 457 2308 sich
470 2255 545 2308 nieht
563 2256 639 2309 mehr
656 2271 723 2334 ganz
737 2257 918 2322 anschlossen‚
937 2257 1068 2312 nachdem

58 2358 101 2414 die
120 2357 197 2411 stelle
222 2355 288 2410 inber
310 2355 354 2408 die
378 2352 462 2419 siegel
481 2368 697 2418 weggenommen
716 2352 821 2421 worden
846 2354 914 2409 sind.
937 2387 971 2394 —
997 2372 1069 2424 pcr-

58 2458 166 2521 tinet,
185 2455 218 2508 in
237 2469 273 2507 eo
292 2468 400 2505 cons..
422 2466 563 2504 cessare
582 2450 717 2520 debeat]
735 2451 761 2504 Κ
786 2452 861 2521 (aber
883 2455 1014 2522 tanquam
1040 2454 1070 2506 in

57 2557 109 2625 eo),
127 2555 204 2623 pert,
227 2550 255 2605 in
282 2567 314 2604 eo
342 2565 381 2604 c..
406 2547 487 2601 debet
504 2548 536 2614 Β,
562 2551 631 2617 pert.
659 2549 689 2602 in
716 2566 747 2602 eo
772 2565 811 2603 c..
841 2549 922 2603 debet
940 2551 961 2604 'l
981 2551 1017 2605 Μ.
1036 2580 1067 2591 -

57 2655 203 2724 propter
219 2646 436 2717 baptismum]
450 2645 517 2711 ΒΚ,
534 2649 597 2715 post
614 2646 639 2699 b.
658 2646 724 2700 ΤΜ.
740 2677 772 2688 -
785 2648 947 2703 calcatus
971 2652 1005 2702 et
1023 2648 1070 2703 in·

58 2748 223 2818 signitas]
242 2746 341 2813 insign.
358 2744 381 2797 B
400 2743 437 2808 Μ,
456 2744 575 2811 signitas
594 2744 625 2808 Τ,
651 2745 844 2810 sanctificatus,
870 2746 1009 2814 eleganter
1027 2763 1070 2801 or.-

57 2851 140 2903 natus
158 2845 196 2899 dr.
215 2843 343 2912 —jure
359 2841 515 2914 vocatus]
534 2841 612 2896 Nach
636 2842 727 2897 diesen
752 2847 853 2898 worten
877 2845 925 2898 hst
943 2843 982 2908 Κ,
1007 2844 1071 2897 aber

57 2946 135 3001 nicht
160 2943 202 2997 die
227 2958 304 2994 mss:
335 2941 372 2994 Et
394 2940 475 3009 paulo
498 2941 560 3008 post
584 2939 665 2993 etism
689 2943 832 3010 sequentes
852 2958 948 2996 'versus
972 2942 1071 2996 ibidem
1175 2933 1176 2936 ¹

57 3044 194 3112 leguntur.
213 3066 246 3079 -
263 3038 364 3107 jurts
382 3038 545 3105 majorem
563 3037 821 3110 Mahumeriam]
841 3039 863 3093 Τ
882 3040 925 3104 Μ,
939 3040 1017 3108 juxta
1036 3056 1070 3094 m.

58 3139 235 3196 maumariam
259 3137 291 3202 B,
317 3137 352 3190 ad
376 3153 411 3189 m.
435 3135 522 3189 Mach.
547 3135 580 3188 ad
605 3135 706 3206 Mesop.
727 3137 803 3190 eunti
826 3137 859 3190 K.
906 3137 1071 3190 Mahomeria

58 3239 145 3308 major
162 3238 199 3291 ist
216 3235 360 3298 nl-Bneh,
385 3250 436 3286 von
454 3233 603 3288 Jerusalem
629 3233 751 3286 ndrdlich
775 3234 852 3288 nicht
877 3234 938 3287 weit
955 3232 1070 3287 enlernt

57 3339 95 3393 Es
114 3337 168 3405 gab
185 3331 360 3389 bekanntlich
383 3332 453 3385 auch
476 3330 535 3384 eine
553 3347 635 3400 parra
652 3330 817 3385 Mahomcria
835 3331 871 3384 im
891 3330 996 3396 gebiete
1020 3345 1070 3383 von

57 3434 222 3491 Bethsurieh
247 3430 428 3500 (Bethsurich
451 3429 505 3482 Bet
522 3427 642 3498 Silili),
667 3428 818 3482 cartulaire
841 3430 877 3482 du
902 3426 941 3480 St.
954 3425 1016 3497 Sep.
1035 3427 1071 3478 30

23 3509 27 3512 γ
58 3534 85 3599 l,
99 3533 160 3597 263,
179 3530 293 3599 Topogr.
310 3527 407 3600 2499.
434 3526 494 3581 Den
517 3525 602 3579 seleon
622 3525 706 3580 selbst
721 3524 864 3579 schilderte
879 3523 1016 3578 Johanues
1029 3522 1070 3575 W.

58 3631 143 3687 nicht.
181 3629 233 3682 llin
250 3628 407 3694 Anonymus
424 3624 468 3677 bei
481 3623 511 3679 C.
525 3624 555 3677 Ο.
566 3622 636 3677 Rafn
649 3620 816 3691 (Antiquites
835 3623 933 3690 russos)
952 3619 1072 3672 schreibt
1111 3624 1114 3628 ’

57 3732 95 3799 (2,
113 3727 192 3797 fleu:
210 3725 299 3780 Medio
318 3725 347 3777 in
364 3723 464 3790 templo
484 3711 540 3774 stat
558 3736 646 3788 rupes,
665 3735 745 3772 uuam
758 3734 870 3787 orgyam
888 3717 952 3782 elta,
971 3716 1071 3771 multas
