2782 4290
1135 393 1199 465 105

192 575 383 650 Jacobus
419 581 456 649 et
490 583 625 649 sanetus
653 575 820 648 Simeon
855 595 958 648 senex
985 582 1021 649 et
1046 576 1204 650 Zacha-

190 712 282 782 rias
309 710 446 783 fuerunt
473 711 650 801 sepulti,
681 715 717 782 et
745 732 812 781 non
838 710 938 799 longe
959 716 1078 782 contra
1105 713 1205 785 meri·

188 844 283 916 diem
310 851 363 916 est
390 843 687 917 Adkeldemah
715 842 954 936 (Halr'eldama)
989 846 1061 917 sive
1095 847 1206 938 sepul-

190 978 311 1050 chrum
340 978 609 1068 peregrinorum.

271 1110 312 1183 In
352 1116 494 1184 monte
536 1106 701 1184 Oliveti
741 1109 888 1183 ascendit
929 1110 1205 1206 (Dominuslad

190 1250 346 1336 patrem,
389 1250 426 1316 et
466 1244 643 1336 praecepit
678 1241 849 1333 discipulis
886 1245 1084 1334 praedicare
1112 1249 1201 1320 omui

192 1382 385 1451 creaturae.
441 1375 490 1448 Et
532 1397 640 1466 prope
683 1382 734 1448 est
762 1376 949 1449 ecelesia
984 1399 1105 1470 parva,
1146 1381 1203 1452 ubi

191 1514 284 1585 lacta
315 1518 367 1586 est
401 1511 610 1582 dominica
644 1509 798 1582 oratio.
854 1508 901 1583 nt
933 1512 979 1583 ibi
1006 1513 1122 1586 subtus
1150 1519 1203 1588 est
1286 1551 1287 1554 ¹

190 1646 347 1736 eeclesia,
377 1645 434 1717 uhi
449 1644 781 1736 estsepulchrum
803 1644 872 1716 divi
891 1645 1057 1735 Pelagii
1084 1645 1203 1742 (divae

189 1776 380 1873 pelagiae).
438 1781 533 1851 Inter
547 1785 696 1852 montem
710 1776 836 1851 Oliveti
864 1781 900 1849 et
927 1777 1129 1852 Bethaniam
1151 1786 1203 1854 est

189 1912 465 2005 Bethphage,
499 1913 556 1985 uhi
590 1913 752 1984 Dominus
785 1911 876 1984 misit
909 1912 1048 1986 Petrum
1084 1920 1118 1986 et
1144 1913 1203 1987 Jo-

190 2047 337 2119 hannem
371 2067 432 2139 pro
467 2046 577 2136 asino,
614 2054 649 2118 et
677 2068 742 2118 non
769 2046 871 2134 longe
899 2051 953 2118 est
979 2045 1202 2137 Bethania,

189 2179 246 2253 uhi
273 2179 439 2253 Dominus
466 2179 639 2253 suscitavit
673 2179 839 2252 Lazarum
868 2186 903 2250 et
930 2179 1056 2253 dimisit
1083 2199 1204 2272 pecca·

189 2314 276 2386 trini.
340 2313 389 2386 Et
429 2315 483 2386 hio
525 2312 588 2412 fuit
630 2314 776 2386 domus
815 2312 975 2404 leprosi
1016 2314 1206 2388 Simonis.

182 2447 238 2520 lit
271 2449 319 2521 ibi
356 2469 463 2540 prope
498 2454 552 2522 est
586 2454 726 2522 saneta
753 2446 939 2537 Martha,
969 2448 1025 2520 ubi
1055 2447 1206 2521 occurrit

191 2603 269 2654 enm
297 2581 411 2654 Maria
438 2582 594 2654 Domino.

273 2716 352 2806 Via,
383 2737 470 2806 quae
498 2716 591 2789 ducit
624 2715 667 2789 de
694 2715 883 2789 lemsalem
911 2714 1124 2802 Bethlehem,
1154 2719 1206 2787 ost

185 2871 252 2941 per
279 2855 413 2941 portam
440 2849 553 2923 David
580 2850 623 2921 ad
652 2849 876 2922 ecelesiam
904 2848 1041 2921 saneti
1068 2847 1204 2938 Kline,

190 2983 246 3055 uhi
282 2982 389 3056 stetit.
434 2984 470 3054 ln
505 2983 560 3055 via
595 2989 646 3055 est
673 2982 939 3075 sepulchrum
966 2981 1112 3054 Rahel.
1166 2981 1204 3053 ln

189 3114 446 3190 Bethlehem
480 3118 546 3189 fuit
581 3116 734 3190 Christus
764 3122 879 3206 natue,
916 3122 950 3188 et
985 3116 1029 3188 ibi
1067 3121 1121 3188 est
1149 3137 1207 3188 se·

187 3249 408 3342 pulchrum
450 3251 584 3323 sancti
624 3250 888 3341 Hieronymi,
929 3255 964 3322 et
998 3255 1136 3341 puteus,
1172 3249 1207 3318 in

191 3405 293 3474 quem
321 3382 420 3457 stella
449 3384 582 3472 cecidit,
612 3391 647 3457 et
674 3383 798 3474 tabula,
829 3386 863 3456 in
878 3406 944 3477 qua
958 3388 1079 3455 saneta
1092 3381 1206 3454 Maria

189 3539 265 3590 oum
300 3516 408 3590 tribus
442 3517 579 3607 regibus
606 3524 659 3590 est
692 3518 836 3608 depicta.
892 3518 930 3587 In
957 3517 1101 3589 elaustro
1129 3521 1206 3587 sunt
1283 3567 1285 3571 2

168 3652 422 3744 sepulchra
448 3651 746 3725 innocentium.
781 3654 821 3724 ln
848 3657 965 3744 crypta
992 3650 1114 3723 beatae
1132 3649 1202 3721 vir·
