2782 4290
1136 386 1199 454 13⁷

187 574 245 648 ubi
273 575 313 646 et
339 592 382 645 ex
408 574 558 644 tremore
585 568 694 642 caruis
721 569 879 643 sudorem
896 569 984 643 fodit
1002 569 1098 660 quasi
1125 588 1201 643 san·

186 706 365 798 gnineum,
410 709 461 795 et,
501 703 546 776 ad
579 701 757 794 discipulos
789 723 866 776 suos
899 724 1055 777 reversus
1089 711 1124 778 et
1150 705 1200 777 iu-

188 840 330 913 veniens
357 859 417 912 eos
443 835 663 926 dormientes,
695 838 888 927 specialiter
914 836 1055 909 Petrum
1089 839 1199 910 iucre-

187 974 298 1066 pavit,
328 972 456 1045 dicens:
491 968 573 1042 Noa
593 970 739 1059 mcccc
763 976 835 1043 uua
863 971 947 1043 horo
972 971 1116 1060 cipitata
1133 994 1201 1045 cae·

188 1103 295 1180 mem?
321 1112 357 1180 et
384 1106 457 1178 aliis
484 1103 673 1194 discipulis:
707 1101 864 1178 Dormite
882 1105 964 1193 jora
991 1110 1022 1177 et
1048 1106 1198 1199 requies·

189 1241 256 1314 cite
282 1245 349 1315 etc.
391 1239 459 1312 Sic
474 1239 548 1311 vice
576 1237 739 1311 tertiaiu
774 1239 917 1312 eundem
944 1240 1055 1312 locum
1081 1241 1125 1314 ab
1152 1241 1201 1315 eis

188 1374 352 1449 secedens
392 1379 428 1447 et
468 1370 607 1444 easdem
644 1392 766 1463 preces
792 1373 867 1446 Deo
894 1375 983 1466 patri
1009 1375 1198 1467 porrigens,

186 1508 328 1583 taudem
355 1507 563 1581 conspicatus
590 1511 726 1598 epatre
754 1510 791 1579 et
819 1526 839 1578 a
865 1529 901 1580 se
929 1508 1001 1601 ipso
1020 1509 1201 1584 secundum

189 1642 283 1736 qnod
308 1641 423 1732 Deus,
457 1641 560 1713 tertio
593 1660 748 1713 reversus
785 1640 830 1712 ad
864 1640 1058 1733 discipulos
1101 1643 1201 1717 dixit:

194 1774 346 1868 Vipasca
372 1779 404 1847 ct
431 1777 535 1847 orate.
564 1772 711 1846 Istorum
737 1773 887 1847 locorum
905 1774 1087 1866 distinctio,
1108 1776 1200 1848 vide-

186 1912 289 1999 licet,
332 1908 399 1982 ubi
432 1906 584 1999 discipuli
610 1914 858 2000 remanserant,
894 1914 929 1981 et
955 1910 1012 1983 ubi
1037 1908 1202 1984 Dominus

189 2045 375 2134 oraverat,
391 2040 567 2114 manifeste
583 2041 619 2112 in
647 2041 736 2113 valle
752 2040 920 2133 Josaphat
947 2048 1103 2136 appares
1125 2065 1202 2116 nam

184 2149 292 2272 juxte
311 2176 477 2269 majorem
504 2172 692 2263 ecclesiam,
727 2174 761 2245 in
789 2196 854 2266 qua
881 2176 1201 2265 sepulturabeatoe

188 2311 325 2384 Mariae
338 2304 549 2399 virginisde
569 2327 634 2399 qua
651 2313 775 2398 postea
792 2308 951 2399 dicemus,
973 2309 1084 2382 adhuc
1098 2309 1201 2382 hodie

188 2437 358 2518 indestra
371 2447 469 2534 parte
487 2440 648 2515 introitus
664 2441 715 2514 sui
733 2446 786 2514 est
799 2442 929 2535 capella
948 2463 1023 2515 cum
1043 2462 1198 2534 caverna,

187 2579 223 2650 in
236 2597 307 2670 qua
334 2570 485 2668 discipuli
510 2575 625 2648 tristes
653 2580 688 2647 et
712 2574 931 2650 dormitantes
957 2581 1201 2669 remanserant,
1311 2628 1316 2634 ι

187 2708 334 2784 Domino
367 2714 421 2782 ter
454 2707 628 2782 secedenti
663 2708 706 2779 ab
734 2708 783 2781 eis
811 2715 846 2782 et
871 2710 995 2784 totiens
1022 2710 1200 2785 redeunte.

187 2844 260 2917 Hoc
288 2841 400 2915 adhuc
426 2842 549 2914 ibidem
577 2840 703 2914 indicat
728 2841 864 2934 pictura
892 2843 1048 2917 existens.
1088 2844 1200 2919 Locus

187 2997 288 3067 vero,
324 2975 383 3048 ubi
403 2972 579 3049 ¹Dominus
612 2975 738 3067 oravit,
776 2975 999 3051 circumdatus
1032 2983 1084 3052 est
1110 2999 1201 3052 nova

188 3108 347 3198 ecclesia,
376 3127 463 3199 quae
491 3106 615 3181 dicitur
643 3109 781 3183 ecclesia
813 3109 1004 3202 salvatoris,
1043 3113 1076 3185 in
1106 3113 1199 3205 cujm

186 3220 383 3334 pauimento
410 3241 560 3316 eminent
587 3245 657 3314 tres
684 3261 751 3314 non
779 3244 909 3336 operati
938 3243 1077 3337 lapides,
1107 3248 1199 3316 tam-

188 3395 290 3467 quam
322 3374 479 3453 modicae
509 3395 628 3464 rupes:
664 3375 698 3445 in
732 3376 850 3467 quibus
887 3376 1008 3449 dieitur
1040 3377 1200 3449 Dominus

187 3519 302 3583 orasse
330 3523 406 3580 oum
432 3501 522 3580 trina
548 3506 798 3599 genuflexione,
828 3509 871 3581 ad
899 3529 983 3599 quos
1009 3508 1138 3600 lapides
1162 3507 1200 3580 fit

189 3640 365 3715 veneratio
392 3633 439 3715 et‘
453 3637 603 3715 fidelium
621 3640 749 3716 Christi
769 3643 895 3717 oblatio
920 3662 993 3716 cum
1019 3641 1198 3716 devotione
