2782 4290
1154 376 1198 444 45

184 665 296 739 dendo
323 662 517 756 praebebat,
559 661 616 753 itu,
646 666 686 733 ut
714 662 862 734 omnium
889 682 1039 736 amorem
1067 685 1127 737 seu
1154 665 1199 736 ti-

184 821 317 874 morem
354 797 388 869 in
425 796 534 888 ipsum
560 797 777 886 provocando
816 797 1022 870 accersisset.
1079 797 1126 869 Et
1162 799 1197 869 in

185 935 295 1028 primo
323 952 414 1005 anne
428 931 507 1003 illue
518 929 668 1035 yeniens,
699 929 921 1005 cubicularius
938 930 1005 1004 fuit
1024 931 1198 1023 ecelesiae,

187 1073 223 1141 et
256 1068 291 1139 in
326 1065 475 1138 seeundo
511 1069 585 1136 erat
618 1064 764 1138 decanus
802 1066 837 1137 in
874 1067 1091 1139 monasterio.
1153 1065 1201 1137 Et

186 1207 306 1295 postea
333 1206 409 1273 ueto
437 1221 542 1273 annos
568 1197 631 1271 fuit
657 1200 827 1289 portarius
854 1201 889 1271 in
913 1200 1041 1274 duobus
1067 1221 1201 1274 monas-

186 1336 298 1409 teriis:
332 1338 480 1426 quatuor
512 1354 618 1407 annos
656 1341 730 1407 erat
762 1335 932 1425 portarius
958 1336 993 1407 in
1019 1336 1078 1407 illa
1105 1358 1200 1408 mon-

187 1471 324 1559 asterio,
356 1468 447 1560 quud
474 1472 543 1540 stat
569 1488 673 1559 supra
712 1469 748 1540 in
780 1473 893 1542 monte
928 1469 1027 1542 rude
1055 1471 1200 1560 excelso,

188 1611 224 1677 et
253 1605 337 1678 alios
352 1605 495 1695 quatuor
522 1603 657 1674 eratin
684 1601 750 1674 aliu
764 1604 978 1696 monasterio,
1009 1603 1200 1697 quodinfra

187 1745 254 1812 stat
276 1740 377 1831 juxta
404 1757 535 1809 amnem
569 1735 786 1829 Rapidum.
843 1738 894 1809 Et
928 1739 968 1812 ab
1010 1740 1069 1811 illo
1107 1760 1203 1810 mon·

188 1873 315 1946 asterio
348 1876 426 1945 sunt
460 1870 528 1942 duo
561 1870 717 1945 milliaria
748 1873 792 1945 ad
825 1872 917 1944 aliud
949 1871 1200 1963 monasterium,

188 2005 280 2099 quod
307 2010 376 2078 stat
400 2005 436 2076 in
461 2009 590 2080 munte.

199 2217 204 2228 ‚
270 2167 454 2241 Transaeta
486 2169 599 2259 itaque
632 2171 714 2239 tune
749 2167 867 2240 decem
901 2187 1062 2238 annorum
1097 2166 1203 2239 inter-

190 2302 369 2396 capedine,
413 2301 624 2376 venerandus
661 2302 718 2372 ille
752 2302 806 2372 vir
832 2300 1044 2373 Willibaidus
1071 2321 1203 2373 sauram

190 2437 298 2511 saneti
325 2435 501 2510 Benedicti
527 2436 692 2526 regularis
706 2437 796 2509 vitae
823 2435 1076 2527 institutionem,
1105 2455 1205 2526 quam

191 2571 431 2661 omnipotentis
476 2569 540 2640 Dei
580 2569 700 2642 auxilie
744 2570 944 2663 illorumque
992 2570 1202 2660 adminiculo,

191 2725 276 2797 ques
303 2722 407 2795 super
437 2704 540 2794 longa
572 2704 723 2777 locurum
755 2705 862 2777 stadia
897 2710 933 2778 et
966 2725 1067 2795 super
1093 2709 1206 2776 vastas

191 2838 381 2928 marginum
408 2839 480 2910 vias
506 2838 541 2909 in
552 2838 797 2911 redemtionem
823 2839 954 2911 animae
982 2838 1077 2910 etin
1106 2857 1206 2927 opem

191 2972 384 3065 praesentis
412 2971 504 3044 vitae
517 2972 724 3064 requirebat,
755 2975 844 3044 omni
863 2973 976 3063 mode,
1006 2977 1107 3062 prout
1133 2971 1206 3043 fore

193 3108 322 3200 possit,
358 3106 541 3179 observare
569 3108 762 3180 sanabatur.
818 3107 866 3178 Et
892 3126 961 3179 nen
988 3106 1095 3178 solum
1121 3105 1204 3194 ipse,

192 3242 253 3316 sed
283 3246 319 3313 et
346 3236 433 3313 ulios
459 3262 534 3313 eum
560 3240 619 3312 illo
646 3242 680 3313 in
708 3243 900 3315 veneranda
927 3239 1092 3332 regularis
1119 3237 1206 3308 vitae

192 3374 341 3466 vestigio
369 3373 565 3464 praeeundo
593 3373 813 3465 perducebat.
