2782 4290
1129 367 1199 443 129

185 549 292 645 etiam
320 547 483 640 aperitur.
513 545 614 645 Circa
641 545 782 619 eandem
810 551 945 639 portam
972 545 1061 621 infra
1088 569 1201 625 muros

186 683 335 760 celebris
362 681 538 772 sepultura
564 681 710 754 habetur
735 684 957 754 mortuorum.
1034 746 1036 749 ,

196 888 200 892 ,
269 817 364 891 Idem
390 816 513 888 atrium
530 836 552 887 a
572 815 712 888 meridie
738 815 841 887 habet
861 815 1014 905 patulum
1027 836 1201 890 accessum

187 972 254 1046 per
281 944 353 1042 tres
379 970 523 1042 magnos
550 969 648 1023 arom
675 948 805 1025 duobus
833 949 993 1024 columnis
1006 953 1202 1024 marmoreis

186 1087 398 1180 conjunctos,
428 1087 466 1157 et
492 1084 527 1155 in
555 1083 674 1156 eodem
700 1084 808 1180 latere
835 1083 938 1191 habet
959 1084 1059 1156 alium
1085 1106 1202 1160 acces-
1250 1121 1253 1125 ·

180 1242 263 1296 sum
294 1220 402 1311 priori
433 1218 598 1290 latiorem.
658 1217 712 1292 Ab
747 1217 923 1291 occidente
961 1237 1045 1292 vero
1084 1240 1202 1296 versus

188 1354 369 1429 civitatem
403 1351 579 1444 pulchrum
617 1352 721 1425 habet
758 1374 942 1445 accessum,
985 1357 1104 1444 patens
1140 1374 1204 1444 per

188 1493 337 1582 quatuor
364 1507 461 1561 arcus
487 1487 594 1560 tribus
622 1487 781 1560 columnis
807 1487 1004 1583 marmoreis
1032 1488 1204 1561 continua-

188 1622 244 1696 tis.
301 1621 357 1697 Ab
385 1622 543 1713 aquilone
570 1620 660 1693 idem
688 1621 810 1694 atrium
837 1627 1035 1712 angustatur
1052 1623 1087 1694 in
1106 1627 1203 1713 parte

190 1761 335 1850 propter
362 1754 613 1850 adjunctionem
642 1756 781 1828 claustri
808 1756 1034 1848 dominornm;
1062 1758 1097 1828 in
1124 1758 1203 1831 reli-

191 1911 259 1984 quo
288 1889 440 1983 ejusdem
465 1865 581 1963 lateris
608 1890 690 1963 satis
716 1890 893 1983 pulchram
924 1892 1028 1964 habet
1054 1892 1204 1967 latitudi-

190 2047 271 2102 nem
299 2029 336 2098 et
362 2044 547 2105 accessum.
592 2024 743 2098 Pulchra
770 2047 905 2118 quoque
934 2033 969 2099 et
995 2026 1077 2099 satis
1094 2025 1206 2116 ampla

193 2160 357 2254 planities
384 2159 559 2232 ameridie
579 2164 614 2230 et
636 2161 810 2252 occidenti,
840 2161 1085 2252 aliquantulum
1101 2159 1205 2233 etium

190 2316 313 2370 versus
339 2293 602 2386 septentrionem
630 2294 739 2368 eidem
766 2297 855 2368 atrio
874 2294 1058 2370 lorinsecus
1072 2293 1207 2387 adjacet

191 2433 228 2504 in
255 2431 369 2524 plano.

275 2563 372 2637 Haec
404 2561 587 2657 descriptio
621 2561 765 2652 praefati
799 2553 916 2656 templi
956 2568 991 2636 et
1018 2565 1205 2659 adjacentis

192 2699 260 2772 loci
289 2695 445 2789 sufficiat3
474 2697 599 2787 potiori
626 2718 694 2769 non
719 2696 915 2773 invidemus.

194 2964 224 3031 5.
257 2959 421 3030 Palatium
444 2948 631 3043 Solomonis,
655 2959 1009 3045 aodostomplariorum
1033 2960 1206 3044 stabulum,

262 3067 441 3161 hospitium
462 3067 614 3135 Simeonis
636 3067 729 3152 justi,
752 3067 873 3137 christi
899 3066 1102 3135 incunabula.

277 3234 315 3304 ln
343 3233 506 3306 descensu
537 3234 674 3327 majoris
705 3235 838 3326 plateae
867 3238 918 3306 est
945 3238 1045 3324 porta
1072 3251 1205 3321 magna,
1237 3331 1239 3333 ,

195 3390 264 3463 qua
299 3371 397 3459 patet
430 3368 590 3441 introitus
623 3369 657 3440 in
691 3369 774 3442 illud
801 3369 905 3440 latum
933 3367 1052 3440 atrium
1080 3365 1206 3456 templi.

196 3504 255 3577 Ad
273 3504 428 3577 dextram
443 3522 577 3573 manum
594 3518 712 3576 versus
729 3502 903 3576 meridiem
926 3505 978 3573 est
1005 3500 1211 3593 palatium

195 3638 291 3730 illud,
321 3634 414 3727 quod
442 3635 610 3730 quondam
636 3636 828 3723 Salomon
856 3636 982 3708 dicitur
996 3633 1208 3723 entrunsse,
1333 3668 1343 3682 ,

1001 3755 1022 3820 9
