2782 4290
296 380 339 443 54

295 559 408 630 statim
436 557 581 645 undique
610 553 652 623 de
680 551 746 622 illis
772 552 948 638 regionum
982 524 1168 637 provinciis
1195 555 1230 619 et
1258 551 1308 620 ni-

295 691 363 762 hilo
390 691 499 760 minus
536 686 577 759 de
611 684 685 756 aliis
720 683 907 774 longinquis
947 683 1107 754 limitibus
1149 682 1193 754 ad
1219 683 1308 754 salu-

295 823 477 894 benimum
511 821 585 912 ejus
624 817 814 909 sapientiae
841 815 964 904 dogma
992 815 1159 887 confluere
1189 837 1308 906 coepe-

294 961 390 1044 runt,
432 975 516 1045 quos
557 951 614 1023 ille
656 949 903 1041 quodammodo
932 971 1060 1039 omnes,
1104 955 1142 1020 ut
1169 948 1307 1038 gallina,

294 1110 380 1179 quae
414 1088 475 1159 sub
509 1086 570 1158 alis
603 1085 690 1155 solet
725 1081 873 1170 tegendo
900 1103 976 1154 suos
1004 1083 1152 1154 enutrire
1186 1082 1307 1172 foetus,

293 1222 341 1292 ita
368 1220 424 1292 ille
451 1224 550 1310 pater
570 1217 794 1307 Willibaldus‚
814 1222 851 1288 ut
871 1222 981 1288 mater
993 1216 1165 1306 ecdesiae‚
1195 1216 1310 1305 plures

293 1375 357 1445 per
371 1374 503 1441 aevum,
532 1373 613 1423 suae
627 1351 765 1441 pietatis
784 1370 902 1440 parma
915 1348 1136 1440 protegendo,
1165 1348 1309 1421 Domino

295 1486 492 1558 deferebant
537 1485 714 1576 adoptivos
756 1488 862 1555 natos.
931 1484 981 1554 Et
1028 1483 1310 1575 quemadmodum

294 1621 445 1690 alumnus
478 1638 556 1690 suos
588 1618 680 1690 alere
714 1618 800 1690 solet
826 1617 980 1708 infantes,
1009 1619 1057 1689 ita
1086 1622 1119 1688 ct
1145 1617 1203 1688 ille
1223 1639 1305 1691 enu-

293 1752 427 1824 triendo
461 1751 660 1841 divinaeque
696 1753 836 1841 pietatis
867 1753 956 1824 lacte
988 1751 1109 1823 leniter
1141 1752 1302 1824 lactando

291 1885 468 1975 pascebat,
513 1904 617 1974 usque
658 1883 737 1956 dum
773 1883 822 1955 illi
857 1883 982 1956 confoti
1016 1891 1050 1956 et
1083 1885 1125 1957 de
1158 1885 1304 1959 infantia

192 2020 195 2023 ’
293 2017 415 2089 eruditi
458 2017 695 2109 eleganterque
736 2019 847 2092 edocti
889 2039 996 2109 usque
1035 2019 1079 2090 ad
1115 2020 1303 2111 juvenilem

291 2121 452 2239 pulchrae
480 2151 601 2222 indolis
627 2153 838 2242 pubertatem
865 2157 1111 2244 pervenerunt,
1141 2159 1177 2227 et
1204 2176 1301 2245 nuuc,

292 2284 476 2355 secundum
502 2286 653 2374 magistu
680 2285 916 2376 praecedentis
952 2288 1157 2379 exemplum,
1186 2294 1303 2361 sancta

293 2421 463 2490 sectantes
478 2418 675 2507 dogmatum
693 2420 790 2510 dona,
818 2419 930 2492 multis
944 2421 1068 2492 micant
1081 2422 1299 2494 adminiculis.

289 2757 351 2823 XL.
389 2757 462 2823 dum
486 2757 660 2825 innumeris
682 2761 931 2846 magistratibus
950 2762 1084 2846 populus
1104 2767 1301 2851 acquiritur;

574 2865 646 2933 laus
670 2867 732 2934 Deo
756 2873 788 2936 st
811 2869 1009 2937 willibaldo.
1155 2871 1158 2874 ’

369 3077 425 3148 En
453 3081 510 3153 ille
529 3084 752 3178 Willibaldus,
783 3089 838 3179 qui
868 3110 943 3160 cum
969 3091 1083 3180 paucis
1105 3090 1301 3182 adprimitus

290 3213 473 3286 satellitum
487 3219 639 3291 subsidiis
653 3227 788 3294 sanctae
805 3224 1067 3295 conversationis
1081 3224 1300 3298 inchoaverat

289 3349 508 3440 exercitium,
566 3354 704 3424 tandem
767 3377 842 3427 cum
901 3357 1082 3429 innumeris
1137 3360 1298 3440 aulatium

263 3482 535 3568 ¹magistratibus
568 3486 817 3561 multiformiter
849 3490 1020 3562 militando
1053 3491 1202 3565 Domino·
1227 3495 1298 3586 dig-

286 3631 365 3686 num
393 3619 571 3710 acquisivit
604 3622 776 3714 populum.
830 3623 878 3698 ut
912 3624 980 3701 late
1016 3625 1074 3698 ille
1109 3647 1174 3720 per
1204 3630 1298 3725 bajo-
