2782 4290
313 391 377 468 2t2

312 568 432 645 sedens
467 566 631 641 audivit
667 566 1031 656 praedicationem
1071 565 1169 638 lilii.
1239 565 1323 639 Item

312 705 407 776 locus
433 699 704 774 domunculae
739 700 830 791 ejus
863 722 925 792 per
952 722 973 774 v
1001 719 1126 791 passus,
1161 720 1229 790 qua
1254 720 1326 771 mo·

311 842 390 910 rata
417 839 468 908 cst
494 834 566 909 xiiii
592 835 703 924 annis,
732 836 855 926 quibus
883 836 965 909 vixit
991 839 1070 925 post
1096 834 1325 906 ascensionem

311 955 372 1042 lilii
407 969 491 1062 ejus.
550 967 636 1039 Item
675 988 738 1058 per
771 967 829 1039 xiii
862 988 978 1058 passus
1019 974 1073 1040 est
1107 967 1219 1056 loona,
1259 988 1324 1058 quo

312 1104 433 1176 matus
461 1100 686 1192 Matthiae,
724 1108 815 1174 sorte
843 1102 974 1193 hahita,
1012 1102 1177 1175 electus
1204 1100 1326 1172 estin

312 1235 602 1327 apostolatum
628 1235 664 1305 in
692 1236 838 1307 crastino
866 1235 1083 1307 ascensionis.
1139 1235 1180 1306 ln
1208 1233 1326 1305 eodem

311 1370 385 1440 loco
414 1367 514 1438 electi
540 1367 675 1439 fuerunt
702 1374 832 1459 septem
859 1369 1037 1458 diacones,
1067 1367 1124 1457 qui
1151 1366 1218 1439 rite
1247 1385 1327 1436 cou-

312 1500 424 1573 stituti
465 1503 564 1571 erant
602 1500 637 1570 in
677 1501 896 1588 ministerium
938 1501 1134 1574 viduarum:
1182 1521 1344 1597 quorum¹

311 1636 438 1728 primus
466 1638 541 1704 erat
567 1633 762 1726 Stephanus.
808 1636 845 1707 ln
873 1637 992 1707 eodem
1019 1635 1097 1707 loco
1123 1633 1190 1705 fuit
1218 1633 1325 1704 elec·

311 1767 584 1840 tusJacobus
610 1767 745 1839 minor
771 1771 820 1842 ah
842 1769 1052 1859 apostolis
1078 1769 1112 1838 in
1130 1766 1324 1858 episcopum

313 1902 660 1991 hierosolymitanum.
716 1903 843 1976 Postea
868 1925 932 1997 per
966 1902 1082 1976 decem
1120 1921 1238 1993 passus
1271 1905 1325 1972 est

247 2123 251 2133 1
309 2036 402 2108 locus
428 2036 658 2125 venerandus,
693 2039 761 2110 ubi
787 2039 936 2128 gloriosa
968 2038 1089 2125 virgo
1123 2034 1327 2125 migravit

310 2169 540 2242 asaeculo.
597 2170 729 2244 Deinde
761 2193 825 2262 per
857 2176 933 2246 octo
966 2191 1087 2262 passus
1119 2191 1239 2242 versus
1266 2168 1325 2241 do·

309 2324 401 2374 mum
434 2301 582 2392 Caiphae
621 2309 672 2374 est
715 2303 810 2376 loeus
853 2305 958 2399 (cum)
1000 2301 1144 2396 quadam
1184 2302 1323 2394 capella.

309 2436 410 2508 Mons
438 2434 551 2534 (Sion)
578 2437 824 2527 interpretatur
855 2439 951 2532 quasi
978 2436 1160 2529 speculum.
1222 2434 1325 2526 Nota,

312 2567 416 2640 Petra
442 2567 585 2659 deserti,
627 2591 715 2663 quae
743 2572 797 2644 est
824 2572 860 2643 in
886 2571 1032 2663 Arabia,
1075 2589 1117 2645 eo
1149 2568 1185 2640 in
1212 2574 1328 2640 monte

312 2702 506 2793 speculatur
533 2706 570 2775 et
597 2703 743 2777 videtur.
791 2704 864 2781 Imo
893 2712 928 2779 et
953 2705 1141 2780 Jordanem
1168 2701 1240 2774 vidi
1265 2700 1329 2777 ibi-

315 2834 392 2905 dem
417 2856 511 2907 mare
538 2834 715 2909 Mortuum
742 2838 939 2930 intrantem,
968 2839 1028 2912 sed
1054 2807 1155 2908 mane
1182 2839 1326 2925 tantum,

314 2968 402 3060 quia,
432 2989 508 3040 cum
528 2971 578 3042 sol
596 2969 787 3043 ascenderit
808 2970 1065 3061 firmamentum,
1094 2972 1227 3043 meatus
1253 2969 1326 3061 ejus

313 3121 379 3173 non
406 3101 550 3174 videtur.
607 3101 646 3174 In
675 3105 861 3178 ccclesia
885 3108 999 3198 itaque
1026 3101 1185 3175 montis
1211 3099 1323 3191 Sion,

313 3234 370 3306 uhi
397 3235 505 3326 maJus
532 3235 641 3306 altare
668 3237 816 3331 locatur,
853 3238 973 3312 eodem
1006 3240 1041 3309 in
1068 3236 1145 3308 loco
1173 3231 1324 3309 (ihr-istus

315 3389 391 3438 cum
414 3367 582 3460 discipulis
609 3370 676 3444 suis
704 3392 843 3445 coenam
865 3371 1090 3462 manducavit,
1118 3368 1259 3441 tradens
1278 3367 1324 3441 eis

313 3511 436 3582 corpus
469 3514 564 3564 suurn
603 3499 638 3564 et
670 3497 882 3590 sangninem,
926 3496 1017 3588 quod
1053 3501 1324 3575 coenaculum

314 3624 473 3711 grande
506 3645 527 3696 a
555 3623 688 3698 Christo
723 3627 907 3703 dicebatur.
971 3631 1057 3703 ltem
1089 3631 1201 3706 altare
1234 3633 1323 3705 aliud
