2782 4290
330 409 392 513 aaa

327 590 487 665 credendi
511 589 567 662 ria
586 589 677 660 dicta
696 593 756 664 est.
791 589 862 661 ilex
880 586 1053 679 praedicta
1071 607 1113 660 ex
1127 591 1208 659 tuuc
1231 608 1337 679 usque

326 725 370 798 ad
398 730 532 814 tempus
560 723 739 795 Theodosii
774 723 1000 816 imperatoris,
1039 725 1185 793 testante
1214 720 1337 799 Hiero-

327 880 438 950 nymo,
467 877 664 938 suumesse
693 856 863 945 dilatavit,
903 862 1013 928 etex
1039 854 1099 925 illa
1123 855 1209 927 baec
1235 854 1336 928 fuisse

325 994 531 1085 perhibetur,
562 1011 647 1081 quac
675 990 710 1061 in
736 990 910 1080 praesenti
937 991 980 1061 ab
1007 989 1076 1060 illic
1102 990 1338 1082 praesentibus

327 1128 459 1200 videtur
487 1131 521 1196 ct
549 1147 629 1196 cara
656 1129 799 1227 tenetur.
857 1124 958 1195 Licet
984 1123 1096 1213 arida,
1130 1122 1338 1196 medicabilis

326 1266 438 1332 tumen
480 1279 552 1330 esso
593 1258 758 1347 probatur
794 1258 827 1327 in
864 1257 942 1346 boc,
979 1257 1087 1347 quod,
1125 1257 1153 1327 si
1186 1257 1338 1347 equitans

327 1394 401 1483 quis
430 1391 471 1462 de
500 1412 541 1462 ca
568 1391 728 1482 quamdiu
755 1412 870 1463 secum
891 1390 1061 1480 detulerit,
1090 1389 1214 1461 animal
1241 1413 1336 1462 suum

327 1547 394 1597 non
421 1524 613 1596 infunditur.
658 1526 699 1596 In
725 1525 868 1596 Hebron
894 1524 1003 1615 primo
1032 1523 1264 1614 applicuerunt
1289 1546 1336 1614 se,

330 1681 433 1731 causa
462 1658 686 1749 explorandae
727 1664 841 1730 terrae
877 1657 1122 1748 promissionis,
1156 1657 1263 1730 Josue
1303 1664 1338 1728 et

328 1791 459 1881 Caleph
488 1798 664 1864 eteorum
692 1793 771 1864 socii
800 1792 926 1864 decem.
977 1792 1016 1862 In
1044 1790 1186 1862 Hebron
1215 1812 1338 1880 regna-

327 1926 375 1997 vit
402 1924 513 1996 David
539 1926 635 1997 annis
662 1931 794 2017 septem
823 1929 858 1995 et
887 1924 1033 1995 dimidio.

326 2170 375 2237 22.
419 2169 520 2237 Lacus
544 2169 754 2254 Asphaltites,
780 2171 878 2254 segor
902 2168 1102 2257 (Palmaria),
1126 2166 1269 2236 bitumen
1290 2168 1335 2252 jn-

416 2275 554 2356 daionm,
585 2276 739 2343 Karnaim
762 2280 930 2361 spelunca,
960 2276 1098 2368 Arabia,
1127 2293 1216 2342 mons
1240 2275 1336 2356 Sinai,

414 2384 524 2467 Helim,
548 2385 668 2451 montes
692 2383 794 2451 Horeb
817 2385 850 2450 at
872 2383 1015 2464 Abarim,
1039 2383 1197 2450 Idumaea.

408 2583 545 2656 Decimo
579 2584 732 2655 milliario
767 2586 810 2657 ab
848 2585 988 2659 Hebron
1021 2578 1138 2658 lac'us
1166 2585 1336 2676 Asphal-

329 2717 434 2788 tites
468 2722 586 2789 contra
625 2719 806 2810 orientem,
855 2719 911 2810 qui
954 2724 989 2792 et
1028 2740 1122 2791 mare
1163 2719 1336 2790 Mortuum

330 2850 468 2940 dicitur,
503 2871 585 2922 vere
611 2828 795 2942 mortuum,
834 2853 915 2943 quia
949 2853 1030 2924 nihil
1059 2854 1172 2926 vivum
1208 2853 1335 2945 recipit,

330 2989 366 3054 et
405 3003 499 3055 marc
540 2984 680 3074 diaboli,
735 2987 825 3099 quod
869 2986 1024 3058 instinctu
1072 2989 1146 3079 ejus
1193 2993 1338 3077 quatuor

331 3116 408 3188 illae
436 3116 538 3188 cirita
538 3122 589 3188 tes
617 3118 837 3214 miserrimae,
868 3117 1031 3210 Sodoma,
1068 3117 1251 3212 Gomorra,
1280 3119 1338 3191 Se-

332 3249 493 3321 boimt
458 3255 493 3320 et
526 3249 675 3343 Aduma‚
715 3257 934 3365 perseverant
935 3274 971 3325 es
1004 3253 1038 3322 in
1071 3233 1241 3345 turpidine
1270 3274 1337 3342 sua,

333 3382 411 3472 igne
439 3382 620 3474 sulphureo
655 3376 904 3477 concrematae,
944 3386 978 3456 in
1006 3386 1114 3457 lacum
1142 3387 1238 3459 iilum
1264 3387 1338 3460 sub·

334 3536 452 3590 uersae
479 3520 567 3591 sunt

417 3648 525 3741 Supra
543 3649 653 3721 larum
683 3654 716 3722 in
737 3652 892 3725 accubitu
912 3651 1066 3726 iudaeae
1084 3653 1229 3746 Segor,
1259 3674 1338 3747 quae
