2782 4290
633 1245 761 1321 ΙΙΙ.
869 1317 875 1324 .

302 1418 538 1500 itinerarium
567 1419 757 1518 Romami,
784 1420 948 1500 monaehi
974 1422 1104 1503 tranei.
1245 1421 1247 1425 ’

266 1639 393 1731 Incipit
410 1639 620 1711 itinerarium
641 1640 744 1712 trium
760 1641 1012 1732 monachorum,
1032 1642 1199 1716 Bernardi

186 1775 313 1847 seilicet
347 1778 383 1846 et
415 1772 584 1845 sociorum
618 1773 708 1865 ejus,
746 1778 781 1845 et
814 1774 857 1846 de
891 1776 1016 1848 sanetis
1049 1776 1135 1848 loeis
1163 1782 1199 1846 et

186 1909 229 1981 de
255 1907 423 1998 Babylon.

270 2045 304 2112 1.
333 2039 374 2111 In
395 2040 529 2112 nourine
541 2039 677 2111 Domini
695 2041 850 2114 volentes
870 2042 986 2113 videre
1009 2043 1086 2114 loca
1099 2063 1196 2114 sane-

185 2181 313 2265 torum
358 2195 444 2265 quae
478 2177 558 2245 sunt
591 2173 855 2265 Hierosolymis,
897 2195 961 2263 ego
1002 2175 1198 2248 Bernardus

186 2310 318 2382 duobus
344 2313 470 2382 memet
496 2308 607 2396 ipsum
635 2306 760 2380 sociavi
787 2307 946 2380 iratribus
962 2308 997 2379 in
1019 2307 1198 2381 devotione

186 2443 350 2532 caritatis
381 2462 422 2513 ex
450 2443 570 2532 quibus
597 2463 684 2514 unus
713 2446 787 2512 erat
814 2463 855 2514 ex
874 2441 1079 2514 monasterio
1106 2442 1197 2513 beati
1332 2466 1335 2473 ⁴

185 2575 357 2648 Vincentii
380 2576 617 2665 beneventani,
646 2576 781 2647 nomine
795 2575 1089 2666 Thendemundm‚
1109 2575 1198 2647 alter

186 2711 358 2800 hispanus
377 2708 511 2781 nomine
525 2707 734 2798 Stephanum
749 2709 895 2781 Francia
906 2731 987 2782 vero
1006 2713 1059 2782 est
1074 2710 1197 2781 nativi-

186 2844 263 2916 tatis
290 2864 387 2915 meae
415 2843 520 2915 loeus.
556 2842 668 2932 Igitur
685 2841 847 2915 adeuntes
874 2843 908 2913 in
936 2843 1035 2915 urbe
1062 2863 1197 2934 papae

185 2976 354 3050 Nicolai
386 2976 628 3068 praesentiam,
664 2975 866 3048 obtinuimus
894 2996 966 3048 curn
1001 2997 1063 3048 sua
1096 2977 1198 3048 bene-

187 3111 332 3182 dictione
360 3131 423 3183 nec
458 3130 524 3180 non
558 3114 593 3182 et
621 3108 743 3181 auxilio
779 3109 965 3198 peragendi
1004 3109 1195 3202 (pergend')

187 3242 414 3316 desideratam
443 3242 623 3314 licentiam.
1200 3322 1203 3326 ,

265 3379 302 3447 2.
332 3376 417 3450 Inde
444 3377 617 3468 progressi
645 3376 795 3449 venimus
822 3375 865 3447 ad
891 3379 1072 3447 montem
1100 3371 1197 3446 Gar-

187 3530 355 3601 ganum,
390 3510 425 3582 in
452 3532 518 3602 quo
547 3515 599 3583 est
634 3509 822 3602 ecelesia
848 3508 991 3582 saneti
1017 3506 1198 3578 Michae-
1337 3536 1355 3602 .'

187 3643 239 3716 lis
281 3643 344 3717 sub
386 3664 454 3716 uno
492 3643 623 3736 lapide,
664 3664 766 3736 super
800 3664 900 3735 quem
939 3645 1017 3715 sunt
1056 3658 1198 3729 quereus
