2782 4290
186 413 250 480 186

190 625 234 678 ex
260 605 402 691 utraque
429 603 526 690 parte
545 599 689 672 vallatur
716 603 878 675 continuis
905 601 1075 674 montibus
1102 601 1197 672 alri-

187 739 274 810 bano
307 755 412 825 usque
446 734 490 805 ad
518 734 688 806 desertum
715 735 860 808 Pharan.
916 735 1050 806 Dividit
1084 740 1197 807 autem

186 869 344 945 Jordanis
373 867 558 940 Galilaoam
591 874 627 938 et
656 868 850 942 Idumaeam
885 873 920 941 et
953 873 1082 940 terram
1114 867 1197 939 Bos-

187 1013 276 1094 tron,
306 1021 394 1096 quae
422 1006 458 1072 et
485 999 663 1073 Idumaeae
690 1003 838 1075 secunda
864 1002 1072 1095 metropolis.
1120 1001 1197 1074 Jor-

188 1139 284 1212 danis
310 1137 556 1227 interpretatur
584 1134 772 1207 descensus.

268 1273 354 1342 Dan
394 1268 467 1342 iere
507 1269 549 1340 ab
594 1272 672 1341 ortu
714 1291 775 1341 suo
815 1270 1069 1343 subterraneum
1109 1270 1201 1342 ducit

189 1405 359 1495 gurgitem
386 1424 480 1474 suum
509 1423 613 1493 usque
641 1401 685 1473 ad
711 1402 855 1494 Medan,
888 1405 1061 1495 planitiem
1096 1405 1200 1504 illam,

190 1540 224 1610 in
253 1512 322 1628 oua
338 1536 430 1609 ‚satis
456 1539 613 1628 patenter
645 1558 740 1609 suum
767 1536 858 1609 foras
884 1538 1028 1610 remittit
1054 1538 1199 1610 alveum.

189 1671 348 1744 Planities
380 1669 439 1742 illa
472 1669 623 1742 Medan
660 1642 818 1761 vocatur,
857 1691 899 1742 eo
939 1671 1031 1760 quod
1056 1672 1136 1743 Dan
1168 1673 1203 1743 in

75 1865 79 1882 ,
189 1807 248 1879 illa
274 1804 404 1877 medius
432 1808 492 1894 est,
522 1804 732 1877 sarracenice
760 1805 895 1896 quidem
923 1810 1020 1876 sonat
1047 1806 1111 1878 illa
1130 1827 1202 1878 me-

190 1940 266 2030 dan,
288 1937 394 2010 latine
416 1960 496 2011 vero
514 1939 647 2028 platea;
675 1938 784 2011 foram
800 1960 882 2012 vero
902 1943 1046 2011 vocatur
1063 1939 1201 2033 Madau,

190 2095 230 2148 eo
259 2072 360 2165 quod,
389 2072 537 2146 intrante
564 2076 708 2162 aestate,
739 2072 991 2146 innumerabilis
1019 2074 1067 2146 ibi
1095 2094 1203 2167 popu-

188 2209 254 2300 luS,
292 2227 404 2280 secum
432 2208 543 2279 omnia
571 2205 727 2279 deferens
756 2207 905 2296 venalia,
946 2209 1135 2300 convenit,
1153 2210 1204 2281 in-

189 2364 338 2435 gensque
357 2342 554 2432 parthorum
575 2346 612 2414 et
630 2340 770 2413 arabum
790 2341 968 2413 multitudo
984 2341 1203 2415 adtuendam

188 2477 346 2568 populum
382 2482 418 2547 et
451 2476 496 2548 ad
528 2475 716 2567 pascendos
742 2495 865 2565 greges
900 2497 976 2549 suos
1008 2477 1043 2548 in
1070 2476 1204 2567 pascuis

189 2611 255 2682 illis
282 2630 345 2700 per
371 2613 477 2680 totam
505 2614 669 2681 aestatem
697 2607 901 2681 demoratur.
956 2610 1085 2683 Medon
1114 2632 1205 2684 com-

190 2743 329 2835 ponitur
363 2762 406 2813 en
438 2743 516 2814 med
550 2748 586 2815 et
619 2742 702 2831 dan3
745 2742 824 2813 med
858 2745 1067 2818 sarracenice
1104 2767 1203 2837 aqua,

194 2877 259 2948 dan
287 2874 415 2948 fluvius.
471 2875 528 2947 Ex
560 2876 736 2968 praedicta
768 2877 909 2967 planitie
936 2877 1027 2969 Dan,
1063 2900 1099 2952 se
1128 2879 1204 2952 red·

193 3013 275 3084 dens
301 3011 335 3082 in
362 3009 512 3102 fluvium,
539 3009 676 3103 Suetam
703 3017 919 3102 peragratur,
949 3011 982 3083 in
1012 3033 1080 3103 qua
1105 3034 1203 3105 pyra·

193 3145 254 3217 mis
293 3143 384 3218 beati
418 3143 524 3238 Job,
550 3150 719 3236 superstes
761 3145 888 3237 adhuc,
932 3165 954 3217 a
996 3145 1134 3236 regibus
1172 3151 1205 3218 et

192 3280 351 3370 gentibus
377 3278 533 3352 solemnis
560 3278 713 3354 habetur.
759 3280 844 3370 Dan,
874 3282 991 3353 contra
1020 3279 1203 3354 Galilaeam

192 3414 342 3504 gentium
369 3435 406 3487 so
434 3413 625 3507 obliquans,
654 3415 716 3487 sub
745 3414 828 3486 urbe
857 3411 992 3506 (ledor,
1013 3435 1110 3488 secus
1136 3436 1205 3488 me·

194 3546 350 3621 dicabilia
383 3547 522 3639 balnea,
565 3549 690 3638 spineti
729 3549 832 3638 plana
871 3547 1092 3640 transfluens,
1131 3548 1154 3622 J
1161 3569 1205 3619 or

195 3682 388 3772 copulatum
427 3681 507 3771 lor,
546 3680 639 3755 haud
677 3683 778 3772 longe
812 3706 833 3755 a
863 3683 1058 3774 -Paneade,
1098 3684 1204 3756 lacum
