2782 4290
1176 394 1220 459 93

203 565 297 658 eopis
331 569 367 637 et
399 565 530 656 reliquo
564 564 706 655 populo,
741 569 781 637 ut
815 566 981 639 illuminet
1015 570 1080 643 sibi
1115 592 1219 646 unus-

204 701 347 791 quisque
375 699 409 771 in
436 700 504 772 suis
530 698 624 770 locis.
679 697 744 770 Hic
771 704 884 772 autem
905 703 1098 792 patriarcha
1114 728 1215 780 voea-

203 835 306 906 batur
339 832 565 922 Theodosius,
609 833 666 922 qui
702 833 745 904 ob
779 834 937 905 meritum
971 836 1162 913 devotionis
1196 864 1217 914 a

200 968 389 1040 christianis
415 972 468 1038 est
493 973 609 1057 raptus
637 965 679 1036 de
691 987 752 1037 suo
765 969 979 1061 monasterio,
1009 974 1099 1061 quod
1114 975 1216 1047 distat

199 1102 242 1175 ab
255 1101 448 1174 Jerusalem
463 1099 530 1171 XV
545 1098 661 1187 millia,
685 1105 721 1172 et
738 1101 784 1172 ibi
804 1103 996 1192 patriarcha
1016 1109 1215 1182 eonstitutus

202 1256 306 1326 super
335 1255 451 1306 omnes
480 1233 692 1323 christianos
723 1235 780 1323 qui
807 1237 945 1308 suntin
973 1243 1068 1312 terra
1093 1265 1213 1333 repro-

196 1369 373 1441 missionis.
416 1368 511 1440 Inter
536 1367 725 1458 praedictas
751 1367 855 1456 igitur
882 1372 956 1443 IIII
976 1376 1134 1449 ecelesias
1161 1384 1214 1452 est

195 1503 424 1595 paradisus
450 1504 521 1574 sine
550 1506 653 1592 tecto,
682 1500 776 1592 eujus
796 1503 944 1591 parietes
959 1526 1044 1579 auro
1063 1512 1211 1604 radiant;

194 1638 424 1729 pavimentum
467 1658 551 1709 vero
597 1633 709 1725 lapide
754 1639 915 1710 sternitur
954 1643 1208 1744 pretiosissimo,

194 1771 326 1844 habeus
351 1770 386 1843 in
411 1769 523 1842 medio
549 1769 600 1840 sui
618 1769 795 1840 confinium
813 1771 884 1842 IIII
898 1776 1102 1870 catenarum,
1125 1802 1211 1870 qnae

193 1905 336 1977 veniunt
363 1926 384 1976 a
409 1904 592 1996 praedictis
618 1903 691 1975 IIII
721 1903 886 1975 eeclesiis:
919 1906 953 1977 in
987 1930 1053 1998 quo
1087 1913 1210 1987 dieitur

193 2038 353 2111 medius
381 2059 456 2111 esse
483 2037 666 2109 mundus.

282 2177 340 2245 ll.
384 2172 449 2245 Est
487 2177 666 2264 praeterea
701 2171 736 2241 in
769 2171 841 2262 ipsa
874 2172 1014 2247 civitate
1048 2179 1112 2250 alia
1144 2203 1207 2254 ec-

195 2308 329 2380 elesia
362 2307 405 2379 ad
431 2305 623 2395 meridiem,
653 2306 687 2376 in
714 2310 828 2377 monte
856 2304 967 2398 Sion,
1004 2332 1090 2400 quae
1123 2315 1207 2387 diei·

194 2447 253 2512 tur
280 2441 418 2512 saneti
445 2439 669 2530 Simeonis,
705 2439 764 2541 ubi
796 2440 959 2514 Dominus
992 2445 1074 2517 lavit
1100 2449 1205 2540 pedes

193 2576 431 2667 discipulorum
458 2595 610 2646 suorum:
638 2575 672 2645 in
700 2595 767 2663 qua
791 2575 920 2666 pendet
941 2578 1058 2668 spinea
1082 2602 1205 2658 corona

192 2709 338 2782 Domini.
400 2709 438 2779 In
478 2710 542 2781 hae
577 2706 740 2780 defuncta
780 2709 928 2782 traditur
970 2733 1045 2785 esse
1089 2724 1205 2792 saneta

192 2844 314 2936 Maria,
338 2843 436 2936 juxta
463 2863 573 2937 quam,
603 2863 719 2914 versus
738 2842 916 2934 orientem,
947 2852 998 2918 est
1018 2851 1203 2927 ecclesia

191 2980 224 3050 in
250 2979 384 3050 honore
411 2978 549 3050 saneti
577 2975 781 3068 Stephani
815 2976 849 3046 in
876 2977 964 3071 loeo,
993 2981 1027 3054 in
1056 3006 1123 3075 quo
1151 2990 1202 3061 la.

189 3112 323 3204 pidatus
363 3133 437 3183 esse
474 3111 647 3185 asseritur.
717 3112 755 3181 ln
799 3109 965 3184 directum
1003 3125 1118 3191 eutem
1157 3123 1202 3194 ad

190 3247 360 3319 orientem
387 3252 440 3317 est
467 3246 653 3318 eeclesia
686 3245 720 3315 in
747 3244 877 3315 honore
909 3252 1049 3321 saneti
1077 3254 1202 3326 Petri

187 3382 220 3452 in
247 3383 333 3471 loeo,
363 3381 398 3452 in
425 3401 491 3470 quo
519 3380 699 3451 Dominum
725 3378 874 3467 negavit.
918 3379 975 3453 Ad
1004 3386 1199 3474 aquilonem

185 3521 237 3587 est
282 3515 484 3605 templum
523 3506 771 3605 SalomouiS,
821 3511 947 3584 habeus
995 3537 1200 3608 synagogam

182 3667 456 3723 sarracenorum.
522 3648 578 3719 Ad
611 3649 783 3722 meridiem
815 3651 892 3717 sunt
925 3654 1080 3738 portae
1119 3652 1200 3726 fer-
