2782 4290
306 411 371 478 164

383 587 468 660 lude
495 587 537 660 ab
565 585 685 659 eadem
711 587 833 676 platea,
864 584 1013 674 quaeda
1033 584 1316 680 portaJosaphat

307 723 495 815 egreditur,
531 742 661 792 sursum
694 720 727 790 in
761 718 912 808 proxima
946 719 1017 809 via,
1053 739 1141 811 quae
1174 719 1219 792 ab
1253 719 1316 790 hae

306 858 453 931 declinat
478 854 602 945 platea,
631 853 676 924 ad
692 854 846 925 dextram
874 874 1017 942 manum,
1047 873 1178 924 sursum
1200 874 1315 925 versus

305 1013 437 1063 murum
454 989 597 1062 civitatis
620 992 669 1060 est
686 987 742 1058 illa
772 986 955 1059 ecelesia
975 987 1008 1058 in
1030 987 1160 1059 honore
1178 994 1314 1060 sanotae

304 1125 444 1198 Maria
485 1121 766 1210 Magdalenae
802 1120 912 1211 facta,
950 1121 1008 1192 ubi
1044 1127 1122 1192 suut
1158 1121 1316 1193 monachi

301 1258 488 1350 jacobitae,
518 1255 560 1327 de
589 1274 655 1344 qua
679 1255 750 1346 jam
778 1254 933 1344 diximus,
972 1274 1058 1343 quae
1086 1254 1231 1327 dicenda
1256 1275 1316 1326 no-

306 1392 423 1463 vimus.
479 1389 517 1459 In
543 1385 695 1478 praefata
724 1389 839 1480 platea
865 1389 907 1461 de
943 1393 1044 1478 porta
1081 1389 1177 1461 vallis
1220 1388 1316 1460 Josa-

305 1524 387 1615 phat
414 1522 482 1609 itur
508 1542 569 1611 per
595 1522 761 1593 directum
789 1543 906 1594 versus
924 1521 1014 1592 illam
1038 1522 1202 1612 plateam,
1231 1543 1315 1613 quae

305 1657 350 1727 ad
376 1662 508 1746 portam
542 1656 644 1728 sancti
672 1654 834 1744 Stephani
862 1655 968 1746 ducit,
1001 1676 1022 1726 a
1051 1676 1116 1745 qua
1147 1656 1317 1728 deindea

306 1790 537 1881 septentrione
565 1811 681 1861 versus
704 1789 869 1879 plateas
896 1789 969 1860 illas
996 1790 1217 1879 triplioeS,
1251 1791 1315 1859 imo

306 1924 504 2015 multiplices
524 1923 731 1995 diversarum
750 1945 864 1994 rerum
877 1924 1046 1994 venalium
1069 1924 1315 2015 repraensatri-

307 2080 372 2149 ces,
393 2057 436 2129 ad
448 2056 594 2129 frontem
607 2057 747 2148 majoris
764 2057 869 2128 sancti
883 2057 1050 2148 sepulchri
1065 2058 1226 2129 ecclesiae
1238 2057 1317 2128 diri-

305 2195 406 2284 gitur,
431 2192 465 2262 in
492 2190 614 2282 medie,
647 2192 795 2281 inquam,
827 2190 915 2262 illius
938 2190 1072 2282 plateae
1099 2197 1149 2264 est
1181 2191 1316 2281 quidam

306 2347 405 2398 arcus
423 2324 574 2415 lapideus
594 2324 754 2414 antiquus
772 2325 863 2396 ultra
877 2325 1017 2397 eandem
1036 2327 1186 2416 plateam
1204 2326 1317 2396 ineur-

306 2464 412 2549 vatus
434 2459 495 2530 sub
524 2459 728 2549 quo'dieitur
755 2459 858 2529 beata
882 2457 978 2546 virgo
992 2457 1103 2529 Maria
1131 2480 1208 2530 oum
1226 2459 1317 2529 felici

306 2598 341 2662 et
368 2593 470 2662 beata
497 2590 593 2681 prole
621 2612 681 2662 sua
701 2592 808 2664 adhue
834 2592 976 2682 parvula
1005 2598 1040 2665 et
1059 2591 1203 2663 infantili
1222 2594 1315 2682 quie-

307 2725 394 2796 visse
422 2728 458 2795 et
493 2723 603 2796 eidem
637 2725 689 2796 lae
722 2725 844 2796 ibidem
878 2725 1082 2814 praebuisse.
1139 2725 1316 2816 Quaeres

306 2860 405 2945 gesta
432 2857 478 2928 ihi
504 2857 593 2929 facta
618 2859 752 2950 pictura
779 2858 986 2949 ostenditur,
1022 2867 1057 2932 et
1090 2860 1180 2933 idem
1208 2861 1313 2950 locus,

307 2990 664 3063 circumaedificatione
691 2992 901 3083 aliquantula
919 3014 939 3064 a
957 2994 1088 3083 puhlieo
1111 3016 1173 3066 usu
1194 2995 1317 3067 discre-

306 3128 369 3214 tus,
398 3123 469 3195 sine
498 3125 658 3197 ecclesiae
686 3127 897 3217 appositione
927 3128 1135 3218 venerabilis,
1166 3129 1229 3202 sub
1258 3151 1314 3202 ue-

306 3258 481 3328 neratione
510 3258 624 3330 debita
651 3260 796 3333 habetur
824 3267 860 3332 et
887 3260 1018 3334 colitur.

386 3390 472 3462 Item
500 3391 542 3462 de
576 3393 743 3483 plateaa
774 3400 874 3485 porta
907 3416 931 3466 s.
968 3393 1147 3486 Stephani,
1190 3396 1316 3469 direda

307 3546 437 3597 sursum
478 3524 522 3595 ad
554 3524 643 3598 latus
682 3527 841 3599 ecelesiae
879 3530 987 3600 saneti
1024 3531 1212 3622 sepulchri,
1251 3552 1316 3602 non

307 3657 446 3730 multum
483 3658 584 3748 longe
625 3660 667 3732 ab
709 3681 749 3730 ea
786 3682 901 3733 versus
943 3663 1245 3756 septentrionem,
1267 3669 1316 3737 est
