<?xml version="1.0" encoding="UTF-8"?>
<!DOCTYPE html PUBLIC "-//W3C//DTD XHTML 1.0 Transitional//EN"
    "http://www.w3.org/TR/xhtml1/DTD/xhtml1-transitional.dtd">
<html xmlns="http://www.w3.org/1999/xhtml" xml:lang="en" lang="en">
 <head>
  <title>
</title>
<meta http-equiv="Content-Type" content="text/html;charset=utf-8" />
  <meta name='ocr-system' content='tesseract 3.04.00' />
  <meta name='ocr-capabilities' content='ocr_page ocr_carea ocr_par ocr_line ocrx_word'/>
</head>
<body>
  <div class='ocr_page' id='page_1' title='image "./descriptioneste01toblgoog_0048.png"; bbox 0 0 2782 4290; ppageno 0'>
   <div class='ocr_carea' id='block_1_1' title="bbox 1160 345 1203 412">
    <p class='ocr_par' dir='ltr' id='par_1_1' title="bbox 1160 345 1203 412">
     <span class='ocr_line' id='line_1_1' title="bbox 1160 345 1203 412; baseline 0 0"><span class='ocrx_word' id='word_1_1' title='bbox 1160 345 1203 412; x_wconf 81' lang='lat'><strong>41</strong></span> 
     </span>
    </p>
   </div>
   <div class='ocr_carea' id='block_1_2' title="bbox 186 537 1200 766">
    <p class='ocr_par' dir='ltr' id='par_1_2' title="bbox 186 537 1200 766">
     <span class='ocr_line' id='line_1_2' title="bbox 186 537 1200 636; baseline -0.003 -20"><span class='ocrx_word' id='word_1_2' title='bbox 186 543 267 636; x_wconf 85' lang='lat' dir='ltr'><strong>quia</strong></span> <span class='ocrx_word' id='word_1_3' title='bbox 292 541 381 615; x_wconf 91' lang='lat' dir='ltr'><strong>intus</strong></span> <span class='ocrx_word' id='word_1_4' title='bbox 415 545 490 614; x_wconf 86' lang='lat' dir='ltr'><strong>emt</strong></span> <span class='ocrx_word' id='word_1_5' title='bbox 521 540 556 612; x_wconf 91' lang='lat' dir='ltr'><strong>in</strong></span> <span class='ocrx_word' id='word_1_6' title='bbox 588 538 754 612; x_wconf 87' lang='lat' dir='ltr'><strong>munerba</strong></span> <span class='ocrx_word' id='word_1_7' title='bbox 786 537 903 612; x_wconf 86' lang='lat' dir='ltr'>subtus</span> <span class='ocrx_word' id='word_1_8' title='bbox 930 540 1051 632; x_wconf 89' lang='lat' dir='ltr'><strong>petrae</strong></span> <span class='ocrx_word' id='word_1_9' title='bbox 1079 539 1200 632; x_wconf 92' lang='lat' dir='ltr'><strong>oleum,</strong></span> 
     </span>
     <span class='ocr_line' id='line_1_3' title="bbox 186 673 982 766; baseline -0.005 -18"><span class='ocrx_word' id='word_1_10' title='bbox 186 698 255 749; x_wconf 92' lang='lat' dir='ltr'><strong>non</strong></span> <span class='ocrx_word' id='word_1_11' title='bbox 282 674 509 766; x_wconf 77' lang='lat' dir='ltr'><strong>repetienmt,</strong></span> <span class='ocrx_word' id='word_1_12' title='bbox 539 678 575 747; x_wconf 92' lang='lat' dir='ltr'><strong>et</strong></span> <span class='ocrx_word' id='word_1_13' title='bbox 602 674 650 747; x_wconf 90' lang='lat' dir='ltr'><strong>sic</strong></span> <span class='ocrx_word' id='word_1_14' title='bbox 679 693 738 746; x_wconf 92' lang='lat' dir='ltr'><strong>eos</strong></span> <span class='ocrx_word' id='word_1_15' title='bbox 764 673 982 764; x_wconf 80' lang='lat' dir='ltr'><strong>reliquetunt.</strong></span> 
     </span>
    </p>
   </div>
   <div class='ocr_carea' id='block_1_3' title="bbox 397 961 996 1046">
    <p class='ocr_par' dir='ltr' id='par_1_3' title="bbox 397 961 996 1046">
     <span class='ocr_line' id='line_1_4' title="bbox 397 961 996 1046; baseline -0.007 -14"><span class='ocrx_word' id='word_1_16' title='bbox 397 963 509 1032; x_wconf 82' lang='lat' dir='ltr'>XXIX.</span> <span class='ocrx_word' id='word_1_17' title='bbox 549 961 850 1046; x_wconf 74' lang='lat' dir='ltr'><strong>constantinopolis,</strong></span> <span class='ocrx_word' id='word_1_18' title='bbox 873 961 996 1030; x_wconf 81' lang='lat' dir='ltr'><strong>Nicaea.</strong></span> 
     </span>
    </p>
   </div>
   <div class='ocr_carea' id='block_1_4' title="bbox 110 1179 1210 2881">
    <p class='ocr_par' dir='ltr' id='par_1_4' title="bbox 110 1179 1210 2881">
     <span class='ocr_line' id='line_1_5' title="bbox 144 1179 1203 1274; baseline 0 -20"><span class='ocrx_word' id='word_1_19' title='bbox 144 1195 150 1204; x_wconf 84' lang='lat'><em>·</em></span> <span class='ocrx_word' id='word_1_20' title='bbox 243 1179 370 1256; x_wconf 91' lang='lat' dir='ltr'><strong>Multos</strong></span> <span class='ocrx_word' id='word_1_21' title='bbox 398 1181 470 1254; x_wconf 88' lang='lat' dir='ltr'><strong>dies</strong></span> <span class='ocrx_word' id='word_1_22' title='bbox 489 1186 587 1253; x_wconf 87' lang='lat' dir='ltr'><strong>erant</strong></span> <span class='ocrx_word' id='word_1_23' title='bbox 600 1181 647 1254; x_wconf 93' lang='lat' dir='ltr'><strong>ibi</strong></span> <span class='ocrx_word' id='word_1_24' title='bbox 663 1185 893 1274; x_wconf 80' lang='lat' dir='ltr'><strong>exspectantes</strong></span> <span class='ocrx_word' id='word_1_25' title='bbox 907 1202 1039 1273; x_wconf 88' lang='lat' dir='ltr'><strong>navem,</strong></span> <span class='ocrx_word' id='word_1_26' title='bbox 1070 1181 1203 1274; x_wconf 87' lang='lat' dir='ltr'><strong>quando</strong></span> 
     </span>
     <span class='ocr_line' id='line_1_6' title="bbox 188 1314 1205 1410; baseline -0.002 -20"><span class='ocrx_word' id='word_1_27' title='bbox 188 1322 315 1410; x_wconf 86' lang='lat' dir='ltr'><strong>parata</strong></span> <span class='ocrx_word' id='word_1_28' title='bbox 342 1315 462 1390; x_wconf 86' lang='lat' dir='ltr'><strong>fuerat.</strong></span> <span class='ocrx_word' id='word_1_29' title='bbox 502 1314 550 1388; x_wconf 88' lang='lat' dir='ltr'><strong>Et</strong></span> <span class='ocrx_word' id='word_1_30' title='bbox 577 1320 698 1406; x_wconf 88' lang='lat' dir='ltr'><strong>postea</strong></span> <span class='ocrx_word' id='word_1_31' title='bbox 725 1319 806 1389; x_wconf 90' lang='lat' dir='ltr'><strong>tunc</strong></span> <span class='ocrx_word' id='word_1_32' title='bbox 832 1315 1079 1406; x_wconf 82' lang='lat' dir='ltr'><strong>navigavemnt</strong></span> <span class='ocrx_word' id='word_1_33' title='bbox 1099 1320 1205 1389; x_wconf 86' lang='lat' dir='ltr'><strong>totam</strong></span> 
     </span>
     <span class='ocr_line' id='line_1_7' title="bbox 191 1449 1204 1542; baseline -0.003 -17"><span class='ocrx_word' id='word_1_34' title='bbox 191 1451 341 1525; x_wconf 83' lang='lat' dir='ltr'><strong>hiemem</strong></span> <span class='ocrx_word' id='word_1_35' title='bbox 378 1472 398 1522; x_wconf 87' lang='lat' dir='ltr'><strong>a</strong></span> <span class='ocrx_word' id='word_1_36' title='bbox 433 1450 535 1523; x_wconf 89' lang='lat' dir='ltr'><strong>natali</strong></span> <span class='ocrx_word' id='word_1_37' title='bbox 576 1451 682 1524; x_wconf 88' lang='lat' dir='ltr'><strong>sancti</strong></span> <span class='ocrx_word' id='word_1_38' title='bbox 722 1449 881 1523; x_wconf 82' lang='lat' dir='ltr'><strong>Andreae</strong></span> <span class='ocrx_word' id='word_1_39' title='bbox 918 1450 1064 1541; x_wconf 88' lang='lat' dir='ltr'><strong>apostoli</strong></span> <span class='ocrx_word' id='word_1_40' title='bbox 1099 1471 1204 1542; x_wconf 90' lang='lat' dir='ltr'><strong>usque</strong></span> 
     </span>
     <span class='ocr_line' id='line_1_8' title="bbox 189 1584 1206 1678; baseline -0.005 -18"><span class='ocrx_word' id='word_1_41' title='bbox 189 1606 292 1660; x_wconf 86' lang='lat' dir='ltr'><strong>unam</strong></span> <span class='ocrx_word' id='word_1_42' title='bbox 326 1584 574 1658; x_wconf 87' lang='lat' dir='ltr'><strong>hebdomadam</strong></span> <span class='ocrx_word' id='word_1_43' title='bbox 607 1590 688 1658; x_wconf 86' lang='lat' dir='ltr'><strong>ante</strong></span> <span class='ocrx_word' id='word_1_44' title='bbox 725 1584 862 1678; x_wconf 81' lang='lat' dir='ltr'><strong>pascha</strong></span> <span class='ocrx_word' id='word_1_45' title='bbox 916 1584 1011 1659; x_wconf 89' lang='lat' dir='ltr'><strong>Tunc</strong></span> <span class='ocrx_word' id='word_1_46' title='bbox 1039 1589 1206 1659; x_wconf 88' lang='lat' dir='ltr'><strong>venerunt</strong></span> 
     </span>
     <span class='ocr_line' id='line_1_9' title="bbox 110 1691 1207 1811; baseline -0.002 -19"><span class='ocrx_word' id='word_1_47' title='bbox 110 1691 114 1712; x_wconf 65' lang='grc'><strong><em>’</em></strong></span> <span class='ocrx_word' id='word_1_48' title='bbox 191 1721 228 1792; x_wconf 93' lang='lat' dir='ltr'><strong>in</strong></span> <span class='ocrx_word' id='word_1_49' title='bbox 260 1716 680 1811; x_wconf 82' lang='lat' dir='ltr'><strong>Constantinopolim</strong></span> <span class='ocrx_word' id='word_1_50' title='bbox 717 1719 855 1808; x_wconf 86' lang='lat' dir='ltr'><strong>urbem,</strong></span> <span class='ocrx_word' id='word_1_51' title='bbox 895 1719 953 1792; x_wconf 92' lang='lat' dir='ltr'><strong>ubi</strong></span> <span class='ocrx_word' id='word_1_52' title='bbox 992 1719 1207 1811; x_wconf 89' lang='lat' dir='ltr'><strong>requiescunt</strong></span> 
     </span>
     <span class='ocr_line' id='line_1_10' title="bbox 193 1850 1206 1943; baseline -0.001 -17"><span class='ocrx_word' id='word_1_53' title='bbox 193 1860 265 1926; x_wconf 90' lang='lat' dir='ltr'><strong>tres</strong></span> <span class='ocrx_word' id='word_1_54' title='bbox 314 1853 439 1943; x_wconf 86' lang='lat' dir='ltr'><strong>sancti,</strong></span> <span class='ocrx_word' id='word_1_55' title='bbox 487 1850 642 1925; x_wconf 84' lang='lat' dir='ltr'><strong>Andreas</strong></span> <span class='ocrx_word' id='word_1_56' title='bbox 691 1858 726 1925; x_wconf 91' lang='lat' dir='ltr'><strong>et</strong></span> <span class='ocrx_word' id='word_1_57' title='bbox 767 1851 968 1925; x_wconf 84' lang='lat' dir='ltr'><strong>Timotheus</strong></span> <span class='ocrx_word' id='word_1_58' title='bbox 1015 1860 1050 1927; x_wconf 90' lang='lat' dir='ltr'><strong>et</strong></span> <span class='ocrx_word' id='word_1_59' title='bbox 1092 1852 1206 1926; x_wconf 87' lang='lat' dir='ltr'><strong>Lucas</strong></span> 
     </span>
     <span class='ocr_line' id='line_1_11' title="bbox 192 1984 1206 2079; baseline -0.002 -20"><span class='ocrx_word' id='word_1_60' title='bbox 192 1986 437 2076; x_wconf 82' lang='lat' dir='ltr'><strong>Evangelista,</strong></span> <span class='ocrx_word' id='word_1_61' title='bbox 466 1986 501 2056; x_wconf 95' lang='lat' dir='ltr'><strong>in</strong></span> <span class='ocrx_word' id='word_1_62' title='bbox 528 2006 595 2058; x_wconf 90' lang='lat' dir='ltr'><strong>uuo</strong></span> <span class='ocrx_word' id='word_1_63' title='bbox 623 1986 732 2059; x_wconf 83' lang='lat' dir='ltr'><strong>altari.</strong></span> <span class='ocrx_word' id='word_1_64' title='bbox 789 1984 838 2059; x_wconf 88' lang='lat' dir='ltr'><strong>Et</strong></span> <span class='ocrx_word' id='word_1_65' title='bbox 863 1985 1047 2079; x_wconf 86' lang='lat' dir='ltr'><strong>Johannes,</strong></span> <span class='ocrx_word' id='word_1_66' title='bbox 1083 1987 1141 2060; x_wconf 92' lang='lat' dir='ltr'><strong>ille</strong></span> <span class='ocrx_word' id='word_1_67' title='bbox 1169 2006 1206 2058; x_wconf 91' lang='lat' dir='ltr'><strong>os</strong></span> 
     </span>
     <span class='ocr_line' id='line_1_12' title="bbox 193 2120 1209 2213; baseline -0.003 -19"><span class='ocrx_word' id='word_1_68' title='bbox 193 2141 345 2212; x_wconf 84' lang='lat' dir='ltr'><strong>aureum,</strong></span> <span class='ocrx_word' id='word_1_69' title='bbox 374 2120 560 2212; x_wconf 88' lang='lat' dir='ltr'><strong>requiescit</strong></span> <span class='ocrx_word' id='word_1_70' title='bbox 586 2120 632 2193; x_wconf 94' lang='lat' dir='ltr'><strong>ibi</strong></span> <span class='ocrx_word' id='word_1_71' title='bbox 660 2139 775 2193; x_wconf 92' lang='lat' dir='ltr'><strong>coram</strong></span> <span class='ocrx_word' id='word_1_72' title='bbox 802 2121 913 2212; x_wconf 78' lang='lat' dir='ltr'><strong>ultani,</strong></span> <span class='ocrx_word' id='word_1_73' title='bbox 942 2121 1001 2194; x_wconf 91' lang='lat' dir='ltr'><strong>ubi</strong></span> <span class='ocrx_word' id='word_1_74' title='bbox 1027 2120 1209 2213; x_wconf 87' lang='lat' dir='ltr'><strong>presbyter</strong></span> 
     </span>
     <span class='ocr_line' id='line_1_13' title="bbox 193 2252 1206 2346; baseline -0.002 -18"><span class='ocrx_word' id='word_1_75' title='bbox 193 2260 269 2346; x_wconf 83' lang='lat' dir='ltr'><strong>stat,</strong></span> <span class='ocrx_word' id='word_1_76' title='bbox 299 2254 432 2346; x_wconf 88' lang='lat' dir='ltr'><strong>quando</strong></span> <span class='ocrx_word' id='word_1_77' title='bbox 460 2254 594 2328; x_wconf 89' lang='lat' dir='ltr'><strong>missam</strong></span> <span class='ocrx_word' id='word_1_78' title='bbox 621 2253 720 2328; x_wconf 83' lang='lat' dir='ltr'><strong>iacit:</strong></span> <span class='ocrx_word' id='word_1_79' title='bbox 747 2254 794 2326; x_wconf 93' lang='lat' dir='ltr'><strong>ibi</strong></span> <span class='ocrx_word' id='word_1_80' title='bbox 822 2260 873 2327; x_wconf 88' lang='lat' dir='ltr'><strong>est</strong></span> <span class='ocrx_word' id='word_1_81' title='bbox 886 2255 1102 2346; x_wconf 88' lang='lat' dir='ltr'><strong>sepulchmm</strong></span> <span class='ocrx_word' id='word_1_82' title='bbox 1121 2252 1206 2346; x_wconf 87' lang='lat' dir='ltr'><strong>ejus</strong></span> 
     </span>
     <span class='ocr_line' id='line_1_14' title="bbox 193 2378 1208 2483; baseline -0.001 -23"><span class='ocrx_word' id='word_1_83' title='bbox 193 2389 245 2463; x_wconf 92' lang='lat' dir='ltr'><strong>lbi</strong></span> <span class='ocrx_word' id='word_1_84' title='bbox 275 2394 350 2461; x_wconf 86' lang='lat' dir='ltr'><strong>erat</strong></span> <span class='ocrx_word' id='word_1_85' title='bbox 376 2378 554 2483; x_wconf 75' lang='lat' dir='ltr'><strong>episeopus</strong></span> <span class='ocrx_word' id='word_1_86' title='bbox 581 2394 698 2462; x_wconf 89' lang='lat' dir='ltr'><strong>noster</strong></span> <span class='ocrx_word' id='word_1_87' title='bbox 724 2388 808 2462; x_wconf 92' lang='lat' dir='ltr'><strong>dnos</strong></span> <span class='ocrx_word' id='word_1_88' title='bbox 834 2409 955 2480; x_wconf 82' lang='lat' dir='ltr'><strong>annon,</strong></span> <span class='ocrx_word' id='word_1_89' title='bbox 996 2393 1033 2462; x_wconf 92' lang='lat' dir='ltr'><strong>et</strong></span> <span class='ocrx_word' id='word_1_90' title='bbox 1060 2387 1208 2461; x_wconf 87' lang='lat' dir='ltr'><strong>habebat</strong></span> 
     </span>
     <span class='ocr_line' id='line_1_15' title="bbox 193 2522 1210 2616; baseline -0.002 -20"><span class='ocrx_word' id='word_1_91' title='bbox 193 2523 410 2616; x_wconf 89' lang='lat' dir='ltr'><strong>receptacula</strong></span> <span class='ocrx_word' id='word_1_92' title='bbox 444 2523 535 2596; x_wconf 91' lang='lat' dir='ltr'><strong>intus</strong></span> <span class='ocrx_word' id='word_1_93' title='bbox 566 2523 601 2594; x_wconf 93' lang='lat' dir='ltr'><strong>in</strong></span> <span class='ocrx_word' id='word_1_94' title='bbox 636 2522 793 2613; x_wconf 86' lang='lat' dir='ltr'><strong>ecclesia,</strong></span> <span class='ocrx_word' id='word_1_95' title='bbox 840 2529 879 2595; x_wconf 90' lang='lat' dir='ltr'><strong>ut</strong></span> <span class='ocrx_word' id='word_1_96' title='bbox 910 2522 1061 2614; x_wconf 91' lang='lat' dir='ltr'><strong>qnotidie</strong></span> <span class='ocrx_word' id='word_1_97' title='bbox 1095 2527 1210 2613; x_wconf 89' lang='lat' dir='ltr'><strong>posset</strong></span> 
     </span>
     <span class='ocr_line' id='line_1_16' title="bbox 195 2655 1210 2751; baseline -0.002 -21"><span class='ocrx_word' id='word_1_98' title='bbox 195 2659 362 2751; x_wconf 82' lang='lat' dir='ltr'><strong>aspicere,</strong></span> <span class='ocrx_word' id='word_1_99' title='bbox 390 2656 450 2729; x_wconf 92' lang='lat' dir='ltr'><strong>ubi</strong></span> <span class='ocrx_word' id='word_1_100' title='bbox 477 2657 584 2729; x_wconf 91' lang='lat' dir='ltr'><strong>sancti</strong></span> <span class='ocrx_word' id='word_1_101' title='bbox 611 2656 881 2748; x_wconf 81' lang='lat' dir='ltr'><strong>requiescebant.</strong></span> <span class='ocrx_word' id='word_1_102' title='bbox 936 2655 987 2728; x_wconf 87' lang='lat' dir='ltr'><strong>Et</strong></span> <span class='ocrx_word' id='word_1_103' title='bbox 1013 2656 1090 2730; x_wconf 88' lang='lat' dir='ltr'><strong>inde</strong></span> <span class='ocrx_word' id='word_1_104' title='bbox 1118 2656 1210 2730; x_wconf 89' lang='lat' dir='ltr'><strong>venit</strong></span> 
     </span>
     <span class='ocr_line' id='line_1_17' title="bbox 193 2789 1210 2881; baseline -0.002 -17"><span class='ocrx_word' id='word_1_105' title='bbox 193 2791 237 2864; x_wconf 82' lang='lat' dir='ltr'><strong>ad</strong></span> <span class='ocrx_word' id='word_1_106' title='bbox 271 2792 389 2865; x_wconf 87' lang='lat' dir='ltr'><strong>urbem</strong></span> <span class='ocrx_word' id='word_1_107' title='bbox 424 2789 645 2881; x_wconf 82' lang='lat' dir='ltr'><strong>Nicaeam,</strong></span> <span class='ocrx_word' id='word_1_108' title='bbox 687 2789 745 2862; x_wconf 94' lang='lat' dir='ltr'><strong>ubi</strong></span> <span class='ocrx_word' id='word_1_109' title='bbox 780 2790 859 2863; x_wconf 92' lang='lat' dir='ltr'><strong>olim</strong></span> <span class='ocrx_word' id='word_1_110' title='bbox 899 2789 1046 2864; x_wconf 87' lang='lat' dir='ltr'><strong>habebat</strong></span> <span class='ocrx_word' id='word_1_111' title='bbox 1093 2810 1210 2864; x_wconf 84' lang='lat' dir='ltr'><strong>caesar</strong></span> 
     </span>
    </p>
   </div>
   <div class='ocr_carea' id='block_1_5' title="bbox 195 2923 1360 3027">
    <p class='ocr_par' dir='ltr' id='par_1_5' title="bbox 195 2923 1360 3027">
     <span class='ocr_line' id='line_1_18' title="bbox 195 2923 1360 3027; baseline -0.003 -29"><span class='ocrx_word' id='word_1_112' title='bbox 195 2925 440 2998; x_wconf 78' lang='lat' dir='ltr'><strong>Constantinus</strong></span> <span class='ocrx_word' id='word_1_113' title='bbox 467 2925 642 3016; x_wconf 87' lang='lat' dir='ltr'><strong>synodum.</strong></span> <span class='ocrx_word' id='word_1_114' title='bbox 699 2923 748 2996; x_wconf 79' lang='lat' dir='ltr'><strong>nt</strong></span> <span class='ocrx_word' id='word_1_115' title='bbox 780 2924 826 2998; x_wconf 90' lang='lat' dir='ltr'><strong>ibi</strong></span> <span class='ocrx_word' id='word_1_116' title='bbox 860 2925 999 2997; x_wconf 86' lang='lat' dir='ltr'><strong>fuerunt</strong></span> <span class='ocrx_word' id='word_1_117' title='bbox 1031 2924 1077 2997; x_wconf 87' lang='lat' dir='ltr'><strong>ad</strong></span> <span class='ocrx_word' id='word_1_118' title='bbox 1109 2944 1208 3016; x_wconf 81' lang='lat' dir='ltr'><strong>syno·</strong></span> <span class='ocrx_word' id='word_1_119' title='bbox 1355 3021 1360 3027; x_wconf 13' lang='grc' dir='ltr'>ἡ</span> 
     </span>
    </p>
   </div>
   <div class='ocr_carea' id='block_1_6' title="bbox 141 3057 1209 3688">
    <p class='ocr_par' dir='ltr' id='par_1_6' title="bbox 141 3057 1209 3688">
     <span class='ocr_line' id='line_1_19' title="bbox 193 3057 1209 3152; baseline -0.003 -21"><span class='ocrx_word' id='word_1_120' title='bbox 193 3058 273 3131; x_wconf 90' lang='lat' dir='ltr'><strong>dnm</strong></span> <span class='ocrx_word' id='word_1_121' title='bbox 307 3059 449 3131; x_wconf 87' lang='lat' dir='ltr'><strong>trecenti</strong></span> <span class='ocrx_word' id='word_1_122' title='bbox 483 3058 599 3132; x_wconf 89' lang='lat' dir='ltr'><strong>decem</strong></span> <span class='ocrx_word' id='word_1_123' title='bbox 633 3064 668 3131; x_wconf 92' lang='lat' dir='ltr'><strong>et</strong></span> <span class='ocrx_word' id='word_1_124' title='bbox 701 3063 778 3131; x_wconf 92' lang='lat' dir='ltr'><strong>octo</strong></span> <span class='ocrx_word' id='word_1_125' title='bbox 815 3059 980 3152; x_wconf 82' lang='lat' dir='ltr'><strong>episcopi:</strong></span> <span class='ocrx_word' id='word_1_126' title='bbox 1013 3057 1061 3130; x_wconf 92' lang='lat' dir='ltr'><strong>illi</strong></span> <span class='ocrx_word' id='word_1_127' title='bbox 1094 3078 1209 3131; x_wconf 87' lang='lat' dir='ltr'><strong>omnes</strong></span> 
     </span>
     <span class='ocr_line' id='line_1_20' title="bbox 141 3190 1208 3284; baseline 0.005 -25"><span class='ocrx_word' id='word_1_128' title='bbox 141 3257 144 3259; x_wconf 10' lang='grc' dir='ltr'><strong>Α</strong></span> <span class='ocrx_word' id='word_1_129' title='bbox 191 3193 366 3265; x_wconf 87' lang='lat' dir='ltr'><strong>habebant</strong></span> <span class='ocrx_word' id='word_1_130' title='bbox 393 3191 567 3284; x_wconf 89' lang='lat' dir='ltr'><strong>synodum.</strong></span> <span class='ocrx_word' id='word_1_131' title='bbox 608 3190 657 3263; x_wconf 80' lang='lat' dir='ltr'><strong>Et</strong></span> <span class='ocrx_word' id='word_1_132' title='bbox 684 3192 742 3264; x_wconf 89' lang='lat' dir='ltr'><strong>illa</strong></span> <span class='ocrx_word' id='word_1_133' title='bbox 770 3191 909 3265; x_wconf 79' lang='lat' dir='ltr'><strong>ecclesia</strong></span> <span class='ocrx_word' id='word_1_134' title='bbox 935 3192 1050 3266; x_wconf 90' lang='lat' dir='ltr'><strong>similis</strong></span> <span class='ocrx_word' id='word_1_135' title='bbox 1077 3193 1126 3263; x_wconf 91' lang='lat' dir='ltr'><strong>illi</strong></span> <span class='ocrx_word' id='word_1_136' title='bbox 1153 3213 1208 3265; x_wconf 92' lang='lat' dir='ltr'><strong>ec-</strong></span> 
     </span>
     <span class='ocr_line' id='line_1_21' title="bbox 159 3309 1208 3417; baseline -0.004 -19"><span class='ocrx_word' id='word_1_137' title='bbox 159 3309 163 3316; x_wconf 45' lang='lat'>¹</span> <span class='ocrx_word' id='word_1_138' title='bbox 191 3325 315 3398; x_wconf 86' lang='lat' dir='ltr'><strong>clesiae</strong></span> <span class='ocrx_word' id='word_1_139' title='bbox 343 3325 377 3397; x_wconf 93' lang='lat' dir='ltr'><strong>in</strong></span> <span class='ocrx_word' id='word_1_140' title='bbox 403 3331 517 3397; x_wconf 90' lang='lat' dir='ltr'><strong>monte</strong></span> <span class='ocrx_word' id='word_1_141' title='bbox 546 3321 690 3417; x_wconf 74' lang='lat' dir='ltr'><strong>oliveti,</strong></span> <span class='ocrx_word' id='word_1_142' title='bbox 720 3325 777 3399; x_wconf 90' lang='lat' dir='ltr'><strong>ubi</strong></span> <span class='ocrx_word' id='word_1_143' title='bbox 804 3325 969 3399; x_wconf 91' lang='lat' dir='ltr'><strong>Dominus</strong></span> <span class='ocrx_word' id='word_1_144' title='bbox 996 3325 1147 3400; x_wconf 85' lang='lat' dir='ltr'><strong>ascendit</strong></span> <span class='ocrx_word' id='word_1_145' title='bbox 1173 3325 1208 3395; x_wconf 93' lang='lat' dir='ltr'><strong>in</strong></span> 
     </span>
     <span class='ocr_line' id='line_1_22' title="bbox 191 3457 1208 3549; baseline -0.002 -17"><span class='ocrx_word' id='word_1_146' title='bbox 191 3461 337 3533; x_wconf 85' lang='lat' dir='ltr'><strong>coelum.</strong></span> <span class='ocrx_word' id='word_1_147' title='bbox 391 3459 441 3531; x_wconf 83' lang='lat' dir='ltr'><strong>Et</strong></span> <span class='ocrx_word' id='word_1_148' title='bbox 477 3458 512 3529; x_wconf 94' lang='lat' dir='ltr'><strong>in</strong></span> <span class='ocrx_word' id='word_1_149' title='bbox 547 3459 606 3531; x_wconf 83' lang='lat' dir='ltr'><strong>illa</strong></span> <span class='ocrx_word' id='word_1_150' title='bbox 632 3459 775 3534; x_wconf 86' lang='lat' dir='ltr'><strong>ecclesia</strong></span> <span class='ocrx_word' id='word_1_151' title='bbox 808 3466 905 3533; x_wconf 83' lang='lat' dir='ltr'><strong>erant</strong></span> <span class='ocrx_word' id='word_1_152' title='bbox 932 3461 1093 3549; x_wconf 86' lang='lat' dir='ltr'><strong>imagines</strong></span> <span class='ocrx_word' id='word_1_153' title='bbox 1121 3457 1208 3546; x_wconf 87' lang='lat' dir='ltr'><strong>epis-</strong></span> 
     </span>
     <span class='ocr_line' id='line_1_23' title="bbox 193 3590 1207 3688; baseline -0.005 -20"><span class='ocrx_word' id='word_1_154' title='bbox 193 3614 374 3686; x_wconf 89' lang='lat' dir='ltr'><strong>coporum,</strong></span> <span class='ocrx_word' id='word_1_155' title='bbox 403 3593 460 3685; x_wconf 91' lang='lat' dir='ltr'><strong>qui</strong></span> <span class='ocrx_word' id='word_1_156' title='bbox 489 3598 587 3666; x_wconf 84' lang='lat' dir='ltr'><strong>erant</strong></span> <span class='ocrx_word' id='word_1_157' title='bbox 611 3594 659 3667; x_wconf 90' lang='lat' dir='ltr'><strong>ibi</strong></span> <span class='ocrx_word' id='word_1_158' title='bbox 685 3594 720 3665; x_wconf 94' lang='lat' dir='ltr'><strong>in</strong></span> <span class='ocrx_word' id='word_1_159' title='bbox 748 3594 887 3688; x_wconf 84' lang='lat' dir='ltr'><strong>synodo.</strong></span> <span class='ocrx_word' id='word_1_160' title='bbox 940 3593 990 3666; x_wconf 86' lang='lat' dir='ltr'><strong>Et</strong></span> <span class='ocrx_word' id='word_1_161' title='bbox 1015 3591 1071 3664; x_wconf 90' lang='lat' dir='ltr'><strong>ille</strong></span> <span class='ocrx_word' id='word_1_162' title='bbox 1098 3590 1207 3663; x_wconf 89' lang='lat' dir='ltr'><strong>Willi-</strong></span> 
     </span>
    </p>
   </div>
   <div class='ocr_carea' id='block_1_7' title="bbox 0 0 1405 4290">
    <p class='ocr_par' dir='ltr' id='par_1_7' title="bbox 0 0 1405 4290">
     <span class='ocr_line' id='line_1_24' title="bbox 0 0 1405 4290; baseline 0 0"><span class='ocrx_word' id='word_1_163' title='bbox 0 0 1405 4290; x_wconf 95' lang='lat' dir='ltr'><strong> </strong></span> 
     </span>
    </p>
   </div>
  </div>
 </body>
</html>
