2782 4290
747 1269 866 1345 IV.
998 1209 999 1214 Ἰ

361 1446 573 1526 lnnominati
603 1445 675 1525 llll.
705 1443 903 1546 descriptio
931 1443 1067 1525 'lorrae
1094 1447 1262 1529 sanotae.

384 1665 419 1737 Si
455 1668 529 1757 quis
562 1666 632 1738 vult
666 1665 795 1735 intrare
829 1663 1034 1755 Jerusalem,
1079 1668 1193 1736 ortum
1235 1665 1313 1736 solis

304 1820 436 1890 semper
462 1804 591 1894 teneat,
619 1819 682 1889 per
701 1801 833 1887 portam
867 1799 973 1870 sanati
1002 1796 1166 1888 Stephani
1193 1799 1313 1870 intret:

303 1933 351 2004 ibi
380 1938 473 2004 extra
492 1937 624 2023 portam
653 1931 817 2022 lapidatus
845 1931 926 2003 luit:
955 1936 990 2003 et
1016 1932 1105 2003 intra
1124 1931 1315 2004 Jerusalem

302 2066 379 2137 looa
405 2087 467 2156 per
495 2065 648 2137 ordinem
674 2065 830 2155 inquirat.

384 2201 424 2278 ln
457 2198 697 2275 Jerusalem
731 2203 782 2271 est
813 2200 1024 2289 sepulchrum
1050 2199 1197 2271 Domini.
1258 2195 1312 2268 Ad

302 2334 476 2404 introitum
511 2339 684 2424 portarum
722 2331 906 2422 sepulchri,
946 2339 1042 2405 extra
1076 2338 1226 2424 portam,
1264 2335 1312 2402 est

303 2467 447 2538 eeclesia
466 2465 661 2555 *Calvariae
691 2466 747 2537 ubi
775 2471 888 2538 sancta
915 2466 1026 2540 Maria
1058 2467 1123 2539 fuit
1151 2470 1186 2538 et
1214 2485 1309 2537 sanc-

302 2604 356 2671 tus
370 2598 542 2670 lohannes
556 2598 673 2688 stabat,
699 2599 832 2689 quando
854 2599 1017 2671 Dominus
1038 2601 1137 2672 dixit:
1166 2595 1309 2686 Mulier,

303 2730 497 2822 acceptius
530 2737 627 2819 tuus;
656 2787 664 2802 .
696 2730 800 2822 pli,
837 2755 909 2806 oeae
943 2739 1053 2807 motor
1079 2739 1149 2808 tou.
1205 2731 1313 2811 Extra

305 2869 439 2953 portam
467 2884 487 2935 a
514 2865 649 2937 sinistra
676 2872 775 2954 parte
804 2871 856 2937 est
885 2867 990 2938 altare
1018 2867 1125 2939 sanati
1147 2864 1312 2938 Johannis

175 3037 178 3043 ·
304 2997 485 3088 Baptistae.
549 3001 643 3071 Intra
675 3004 806 3090 portam
840 3022 971 3073 rursum
1006 3001 1048 3072 ad
1075 2999 1230 3071 dextram
1265 3005 1315 3071 est

304 3151 416 3203 mons
446 3131 687 3222 Calauriae,
726 3132 783 3203 ubi
811 3133 987 3206 crucifixus
1023 3137 1098 3204 erat
1136 3133 1314 3219 Dominus;

304 3265 419 3336 subtus
446 3271 498 3338 est
527 3211 749 3355 &gotha
786 3266 842 3336 ubi
870 3269 1004 3356 sanguis
1031 3265 1165 3337 Domini
1194 3266 1313 3337 oeoidit

304 3399 346 3470 ad
379 3404 520 3490 petram.
577 3398 624 3470 Et
657 3399 703 3470 ibi
738 3398 802 3469 luit
836 3408 935 3491 caput
970 3399 1096 3489 Adam,
1141 3399 1313 3471 Abraham

304 3532 504 3603 sacrificium
531 3533 619 3603 feeit.
674 3532 727 3602 Ex
755 3532 821 3603 alio
850 3532 958 3604 latere
986 3533 1030 3604 ad
1058 3530 1161 3622 pedes
1189 3533 1312 3602 montis

224 3719 232 3735 .
304 3662 481 3736 Calvariae
509 3670 560 3736 est
586 3665 677 3736 loaus
704 3670 741 3735 et
769 3665 935 3755 columna,
971 3667 1028 3739 ubi
1053 3665 1220 3736 Dominus
1247 3664 1312 3735 fuit
