2782 4290
1170 443 1210 510 15

195 621 343 714 lesisque
370 622 483 714 pelagi
510 624 684 713 pressaris,
712 628 843 696 eastum
869 641 932 713 per
946 642 1076 711 aequor
1103 625 1209 696 citata

196 760 320 831 'celocis
347 778 464 847 cursu,
501 758 672 848 prosperis
710 756 832 846 ventis,
871 756 988 827 velata
1019 777 1114 828 nave
1142 760 1208 829 tati

197 892 325 963 aridam
369 891 528 962 viderunt
562 896 702 962 terram.
758 889 806 960 Et
847 889 963 960 statim
1000 897 1138 962 ovantes
1166 891 1209 963 de
1328 974 1331 980 ¹

196 1027 274 1096 navi
301 1024 559 1115 descenderunt,
589 1031 625 1095 et
650 1024 718 1094 illic
744 1017 980 1094 castraverunt
997 1029 1033 1094 et
1059 1025 1208 1095 tentoria

196 1159 341 1232 fixerunt
398 1160 432 1229 in
494 1159 569 1248 ripa
622 1156 783 1245 lluminis,
844 1155 936 1245 quod
995 1163 1208 1246 nuncupetur

193 1293 335 1383 sapora,
360 1295 458 1384 juxta
484 1293 614 1382 urbem,
643 1309 730 1380 quae
743 1295 883 1360 vocatur
894 1287 1022 1360 Rotam
1029 1310 1042 1376 ,·
1069 1291 1114 1361 ibi
1142 1290 1206 1362 luit

194 1427 458 1499 mercimonium.

269 1561 323 1632 'Et
360 1561 427 1630 illic
459 1558 640 1647 aliquantis
679 1558 809 1630 dierum
843 1558 1017 1630 curriculis
1054 1561 1207 1648 requies-⁴

192 1700 323 1783 centes,
363 1693 484 1765 iterum
524 1711 668 1780 pergere
697 1697 900 1783 caeperunt,
944 1699 978 1763 et
1002 1692 1111 1764 multa
1138 1694 1207 1765 illic

192 1817 383 1899 sanctarum
395 1826 554 1913 creterra
571 1845 657 1914 qnae
678 1825 779 1896 illis
770 1847 804 1895 ιιι
818 1826 1026 1897 commodum
1054 1827 1202 1917 luerunt,

194 1928 324 2032 ¹‹narrdn
363 1960 543 2050 petierunt.
617 1957 667 2028 Et
652 1958 756 2030 tsic
801 1962 915 2031 inante
880 1957 1123 2032 tGartbeai
1111 1982 1202 2031 rcum

192 2093 359 2183 gradatim
408 2103 450 2164 ex
498 2097 596 2182 parte
650 2100 870 2182 peragrantes
918 2102 1202 2185 supervenerunt

194 2211 347 2316 Cumque
373 2231 554 2318 pergentes
581 2217 750 2298 venissent
778 2228 821 2299 ad
847 2228 976 2318 urbem,
1005 2248 1091 2318 qnae
1105 2248 1206 2299 vaca·

193 2366 251 2433 ιιι
261 2357 371 2450 Daca,
401 2359 611 2430 Willibaldus
639 2366 673 2430 et
683 2360 913 2434 Wunebaldus
929 2367 1060 2453 patrem
1089 2379 1203 2430 eorum

191 2494 224 2564 in
264 2496 427 2565 comitatu
467 2493 598 2565 itineris
633 2495 761 2583 pariter
801 2516 875 2566 curn
917 2496 982 2566 illis
1022 2495 1198 2567 ducebant.

191 2626 385 2716 Statimque
412 2628 458 2698 sic
484 2627 661 2698 subitanea
688 2635 894 2717 praeventus
908 2635 960 2700 est
986 2629 1138 2719 carparis
1152 2630 1203 2699 in-

189 2760 364 2851 firmitate,
394 2767 461 2851 ut,·
488 2762 687 2851 praeteritis
715 2769 905 2852 temporum
939 2763 1204 2854 intercapedini·¹

190 2893 261 2982 bus,
290 2914 396 2983 prope
410 2895 481 2985 jam
508 2895 652 2964 instaret·
677 2896 786 2967 exitns
814 2897 865 2969 sui
894 2897 973 2969 dies.
1032 2895 1079 2966 Et
1106 2898 1198 2968 inva-

188 3026 374 3098 lescente
365 3048 398 3097 ιιι
428 3049 469 3098 eo
488 3027 706 3116 aegretudinis
725 3031 895 3116 gravitate
860 3029 1017 3121 stessi
1031 3050 1070 3101 ac
1086 3029 1151 3117 frig
1153 3029 1198 3099 idi

185 3158 315 3229 illius
300 3165 409 3251 parnt
393 3161 612 3233 tabescebant
629 3163 778 3252 corperis
791 3169 893 3253 antea,
923 3168 960 3234 et
974 3165 1020 3235 sic
1042 3164 1196 3234 ultimum

186 3294 280 3363 vitae
308 3313 387 3364 suae
417 3268 595 3365 exhalabat
622 3295 721 3383 spirit
723 3316 788 3367 nrn.
825 3294 900 3367 Stet
850 3274 1016 3386 tetimque
1044 3297 1092 3367 illi
1121 3316 1198 3383 ger-

174 3426 277 3496 mani
328 3420 386 3495 lilii
432 3427 519 3516 ejus,
542 3439 687 3518 corpus
729 3448 775 3518 pa
774 3428 835 3500 tris
872 3442 998 3502 earum
1046 3409 1196 3499 exanime

187 3559 355 3647 paternae
384 3559 522 3647 pietatis
544 3558 672 3631 allecta
700 3563 936 3653 percipientes,
965 3568 1109 3634 venuste
1144 3562 1195 3630 in-

181 3692 365 3785 volverunt
394 3670 429 3763 et
455 3694 548 3764 tarra
573 3694 825 3766 tumulaverant
849 3697 886 3766 in
911 3697 1001 3768 nrbe
1035 3695 1129 3764 Luca
1155 3693 1198 3764 ati
