2782 4290
1137 389 1200 455 1'85

184 569 259 641 lum
299 568 462 659 Ananias,
503 589 625 641 nomen
666 571 698 642 ei
734 569 860 642 Paulus
901 571 1085 662 imponens.
1148 571 1201 644 De

186 702 294 775 muris
321 701 481 775 Damasci
513 702 675 777 demissus
700 701 763 776 fuit
783 703 918 793 Paulae,
948 710 1201 793 persecutorum

185 837 321 911 veritus
345 836 483 909 rabiem.

270 970 460 1043 Libanus
486 970 731 1062 interpretatur
759 971 965 1063 candidatio,
1003 971 1140 1062 dequo
1167 973 1203 1051 in

187 1103 338 1177 Canticis
375 1101 603 1175 Canticornm:
648 1102 733 1176 Veni
772 1104 816 1176 de
854 1102 1008 1194 Liberae,
1051 1104 1203 1178 00101010

187 1260 277 1311 mea.
328 1236 385 1309 Ad
411 1237 561 1309 radicem
588 1239 708 1311 Libani
736 1239 892 1311 oriuntur
919 1238 1142 1330 Pharphar
1169 1243 1204 1310 et

187 1373 355 1460 Abana,
390 1369 482 1444 fluvii
518 1371 694 1444 Damasci:
732 1373 792 1445 sed
833 1377 964 1445 montes
1004 1373 1125 1446 Libani
1169 1376 1204 1443 et

188 1506 348 1600 planities
387 1504 562 1577 Archados
607 1504 776 1579 transfluit
814 1505 952 1598 Abana,
1000 1528 1123 1597 magno
1167 1527 1205 1579 10

189 1641 276 1714 mari
306 1639 468 1729 copulans
495 1636 615 1711 finibus
640 1628 716 1731 illis,
744 1640 917 1732 inquibus
944 1640 1204 1714 11011101Εο11-

194 1776 292 1848 chius
324 1773 369 1845 ab
397 1794 503 1845 uxore
537 1792 598 1845 sua
629 1774 781 1864 privatus
814 1779 850 1846 et
876 1797 898 1846 a
929 1775 1006 1847 filiis
1033 1775 1206 1847 desolatus

189 1908 348 1995 recessim
375 1907 552 1999 Pharphar
571 1930 634 1999 per
645 1908 778 1998 Syriam
797 1909 908 1981 tendit
926 1909 961 1980 in
978 1906 1203 1994 Antiochiam,

190 2045 377 2133 labensque
410 2062 506 2113 secus
539 2064 652 2114 muros
685 2043 773 2134 ejus,
813 2043 943 2115 decbno
975 2040 1128 2115 milliario
1161 2040 1205 2112 ab

192 2172 374 2254 Antiochia
406 2177 441 2247 in
467 2181 571 2267 portu
606 2175 726 2266 Solim,
768 2181 894 2266 portu
927 2176 1037 2248 silicet
1070 2172 1207 2245 sancti

191 2310 419 2400 Simeonis,
448 2310 696 2383 mediterraneo
723 2311 809 2382 mari
836 2331 872 2382 10
899 2308 1124 2383 commendat.
1168 2306 1206 2377 In

191 2444 420 2520 Antiochia
447 2444 535 2518 sedit
562 2445 681 2517 beatus
708 2444 832 2518 Petrus
861 2444 1047 2536 apostolus,
1078 2445 1207 2532 septem

192 2582 288 2655 annis
329 2578 514 2672 pontificali
553 2580 734 2651 decoratus
770 2579 885 2652 infula.
956 2577 1013 2649 Ad
1057 2576 1208 2648 radicem

192 2715 312 2790 Libani
339 2713 502 2786 Paneas
530 2712 650 2786 civitas
676 2713 743 2784 sita
769 2718 837 2803 est,
872 2711 1024 2802 Balinas,
1059 2731 1145 2801 quac
1174 2714 1210 2781 et

193 2850 367 2923 Caesarea
402 2847 560 2940 Philippi.
621 2846 679 2918 Ad
711 2846 860 2919 radicem
893 2846 1017 2918 Libani
1055 2847 1209 2918 oriuntur

193 2985 255 3058 Jor
283 2987 321 3056 01
349 2981 444 3072 Dan,
478 2982 527 3053 illi
554 2982 623 3054 duo
650 2979 782 3072 1011101,
810 2981 1001 3084 dequibus
1027 2981 1089 3054 sub
1115 2999 1209 3050 mon-

194 3121 284 3193 tibus
333 3113 465 3188 Gelboe
498 3113 657 3188 Jordanis
699 3114 884 3188 conficitur.
960 3114 992 3185 A
1038 3113 1209 3185 montibus

195 3253 328 3328 Gelboe
362 3271 470 3340 usque
507 3249 551 3322 ad
582 3249 696 3322 lacum
728 3246 952 3341 Asphaltitem
989 3248 1102 3336 vallis,
1147 3266 1210 3336 per

196 3410 298 3480 quam
332 3383 494 3458 Jordanis
534 3385 674 3476 labitur,
717 3383 870 3456 Gorius
908 3382 1098 3475 appellatur
1139 3378 1209 3450 sive

196 3520 354 3612 Aulon,
391 3520 482 3610 quod
514 3519 698 3591 hebraeum
732 3522 784 3589 est
812 3516 1022 3589 vocabulum.
1079 3512 1208 3603 Appel-

197 3655 287 3728 latur
315 3659 353 3727 01
379 3653 478 3727 vallis
502 3653 562 3725 illa
587 3649 726 3743 grandis
752 3655 855 3743 atque
883 3646 1093 3743 campestris,
1122 3665 1208 3736 quae
