2782 4290
1073 399 1202 473 ,99

187 600 260 669 pus,
292 598 358 668 quo
387 579 495 666 possit
522 576 667 650 reddere
703 575 881 668 rationem,
919 582 1033 652 utrum
1069 580 1113 650 sit
1146 601 1203 652 ex-

190 713 356 802 plorator,
386 731 429 782 an
457 733 533 782 non.

273 849 334 916 23.
369 843 668 914 Beneventani
695 845 879 935 principem
894 866 989 917 suum
1004 844 1202 918 Siohardnm

189 1000 253 1071 per
282 976 475 1066 superbiam
503 976 747 1047 iuterfecerunt
769 983 805 1048 et
820 977 929 1067 legem
945 978 1202 1050 christianorum

187 1113 334 1184 multum
364 1110 609 1182 destruxerunt.
647 1108 777 1181 Deinde
804 1111 892 1182 rixas
921 1118 955 1181 et
973 1112 1204 1184 contentiones

187 1247 280 1316 iuter
315 1265 351 1316 se
378 1243 583 1332 habuerunt,
620 1241 727 1313 donec
754 1243 954 1338 Ludovicus
983 1244 1140 1316 Lotharii
1169 1252 1205 1315 et

185 1348 302 1450 *Caroli
330 1377 452 1466 frater,
489 1377 571 1466 ipsis
601 1396 677 1445 oum
705 1376 944 1448 beneventanis
971 1378 1201 1466 invitantibus,

190 1533 293 1602 super
322 1531 381 1582 eos
415 1507 591 1596 imperinm
626 1510 787 1599 accepit„
823 1510 860 1580 ln
888 1509 1094 1582 Romania
1122 1532 1204 1583 vero

188 1645 278 1717 mala
307 1643 401 1731 fiunt,
431 1648 466 1712 et
493 1642 539 1713 ibi
567 1641 719 1713 homiues
746 1641 842 1712 multi
869 1648 946 1713 sunt
972 1640 1064 1716 fures
1093 1650 1128 1715 et
1155 1645 1204 1715 la·
1326 1700 1328 1704 2

189 1785 325 1866 trones,
363 1781 398 1846 et
426 1774 503 1845 ideo
530 1794 598 1844 non
626 1781 765 1863 possunt
793 1776 953 1866 homines,
984 1777 1028 1847 ad
1055 1782 1205 1848 sanctum

189 1911 329 1984 Petrum
364 1909 414 1980 ire
443 1908 613 1996 volentes,
650 1928 713 1998 per
747 1929 821 1979 eam
855 1909 1020 1994 transire,
1047 1909 1109 1981 nisi
1137 1911 1205 1981 sint

189 2044 329 2157 plorimi
364 2047 399 2112 et
433 2041 566 2111 armati.
616 2042 655 2110 ln
682 2041 997 2132 Longobardia‚
1033 2041 1204 2114 Ludovioo

189 2180 380 2249 memorato
414 2179 596 2263 regnante,
639 2175 730 2245 bona
772 2176 854 2246 satis
898 2195 966 2263 pax
994 2180 1055 2246 est.
1113 2174 1202 2245 Bri·
1304 2177 1305 2181 ’

189 2319 317 2383 tonos
361 2327 494 2398 quoqne
536 2305 660 2378 habeut
694 2328 811 2395 paoem
846 2308 935 2380 inter
969 2328 1015 2380 se.
1075 2307 1204 2394 Legem

143 2430 147 2435 ’
191 2446 293 2517 etiam
323 2443 460 2530 natent,
491 2439 623 2529 qualem
653 2443 745 2514 noa
774 2442 860 2532 dico,
895 2447 944 2530 ut,
980 2441 1008 2512 si
1035 2440 1121 2511 alins
1148 2440 1202 2511 au
1258 2516 1261 2521 ,

188 2571 349 2670 iujuriam
376 2574 507 2663 fecerit,
537 2575 654 2644 statim
677 2577 770 2646 venit
790 2576 921 2665 tantine,
944 2575 1133 2665 quicunqne
1150 2573 1202 2663 sit,

188 2713 245 2802 qui
275 2712 342 2781 hoe
372 2707 504 2797 viderit,
535 2712 570 2779 et
597 2707 745 2779 uindicat
774 2729 866 2797 eum,
905 2710 996 2799 qnasi
1026 2706 1099 2799 ejus
1126 2727 1203 2796 pro

187 2846 295 2916 ximus
324 2841 452 2912 fnisset.
509 2841 557 2911 Et
584 2841 611 2910 si
639 2841 821 2929 probatum
843 2820 1030 2913 invenerint
1058 2840 1202 2931 aliquem

188 2978 232 3048 de
260 2978 353 3049 lutto
389 2973 479 3044 ultra
514 2978 658 3062 quatuor
685 2972 857 3063 denarios,
887 2996 964 3046 eum
992 2973 1202 3045 interficiunt
1329 3002 1333 3009 ·

186 3116 245 3182 aut
272 3108 308 3179 iu
335 3107 486 3198 patibulo
515 3105 732 3196 suspendunt.

271 3244 334 3313 24.
377 3239 531 3330 Denique
565 3240 599 3311 iu
634 3238 713 3310 villa
741 3237 1023 3311 Gethsemane
1058 3238 1202 3308 vidimus

187 3377 261 3467 ejns
296 3372 496 3444 subtilitatis
530 3392 739 3443 marmoreos
774 3370 902 3460 lapides
937 3371 1127 3460 quadratos,
1166 3373 1204 3437 nt

185 3510 220 3579 in
247 3509 308 3596 eie,
340 3505 443 3577 veluti
471 3506 503 3575 in
531 3505 676 3595 speculo,
707 3505 832 3592 omnia,
863 3523 1078 3594 quaecunque
1107 3500 1202 3569 voln-

186 3642 253 3712 em‘t
280 3641 393 3728 homo,
423 3637 612 3728 conspicari
639 3637 756 3728 possit.

982 3751 1002 3820 7
1015 3751 1033 3792 t*
