2782 4290
776 1281 859 1356 V.

310 1455 1321 1563 totnoniswinziooopsnsisdosooipttotoomosaootso.

731 1687 887 1774 Epistola.

389 1942 570 2032 iohannes,
598 1937 664 2015 Dei
692 1943 802 2032 gratio
830 1943 864 2014 in
891 1939 1144 2030 wirziburgensi
1168 1943 1318 2033 ecclesis,

309 2077 344 2150 id
372 2076 464 2168 quod
491 2081 558 2167 est,
595 2073 722 2149 dilecto
756 2098 818 2149 suo
846 2075 937 2150 sooio
966 2080 1001 2146 et
1028 2073 1212 2147 domestico
1239 2073 1320 2147 Die·

310 2212 400 2284 trino
430 2211 637 2284 salutemet
665 2231 831 2302 supernae
858 2207 1057 2298 Jerusalem,
1094 2209 1188 2301 eujus
1216 2209 1320 2298 pani-

309 2345 435 2435 eipatio
462 2344 497 2415 in
524 2344 559 2415 id
585 2345 705 2436 ipsum,
735 2343 1061 2435 contemplationem.

261 2510 264 2515 ·
389 2476 483 2548 Nota
515 2477 596 2549 mihi
624 2499 754 2550 monum
787 2484 920 2550 tuorum
947 2482 1016 2548 tom
1043 2471 1224 2552 conformis
1251 2501 1320 2550 om·

309 2610 407 2684 nibus
440 2610 535 2683 bonis
570 2611 649 2683 viris
677 2611 865 2704 dispositio,
901 2630 964 2682 neo
999 2630 1064 2682 non
1100 2614 1137 2682 et
1164 2610 1224 2683 illo
1251 2617 1320 2685 tom

281 2742 460 2833 *studioso
493 2743 536 2815 od
569 2745 697 2816 cultum
731 2745 835 2818 divini
871 2744 970 2816 officii
1005 2749 1052 2815 et*
1075 2742 1228 2837 obsequii
1263 2747 1321 2819 de·

310 2878 418 2967 notio,
447 2877 781 2969 prosternationem
809 2879 913 2951 etiam
948 2877 1123 2949 domestici
1151 2881 1319 2971 consortii,

311 3010 525 3085 affectionem
565 3011 665 3084 animi
699 3013 765 3085 mei
807 3018 886 3085 tuoe
924 3011 1107 3102 voluntati,
1146 3035 1246 3104 quom
1288 3016 1320 3087 in

309 3151 425 3218 mutua
452 3145 686 3220 vicissitudinis
701 3148 975 3235 compensatione
991 3168 1125 3239 semper
1140 3169 1320 3241 praesumo

309 3300 450 3372 aequom
478 3286 513 3352 et
539 3279 717 3369 benignam
744 3278 834 3370 fore,
870 3282 918 3353 sio
946 3282 1202 3373 obligaverunt,
1232 3282 1320 3376 quod

256 3429 257 3433 ’
309 3414 401 3486 nulla
428 3419 512 3487 voto
537 3420 605 3503 tus,
634 3413 669 3484 in
697 3435 839 3505 qnomm
866 3422 977 3487 tomen
1010 3417 1237 3508 completione
1270 3438 1321 3491 se·

310 3546 460 3619 dulitntis
486 3567 584 3619 meae
611 3547 805 3636 requiratur
831 3568 945 3640 opero,
976 3554 1141 3641 quantum
1155 3552 1200 3624 ed
1214 3552 1318 3643 possi-

308 3680 470 3753 bilitatem
499 3680 618 3754 virium
645 3700 806 3770 mearum,
836 3684 1009 3773 patiantur
1043 3685 1170 3757 cassari
1205 3690 1318 3779 optato
