2782 4290
1042 381 1107 444 229

88 553 168 626 huic
194 553 229 624 in
249 554 373 643 angulo
398 560 592 628 constructa
618 555 652 625 in
680 534 808 628 honore
836 559 1014 631 omniurn
1040 580 1107 633 an·

88 688 297 777 gelorum.
355 688 503 762 Tertia
537 688 572 760 in
606 688 727 760 eodem
753 688 860 763 latero
889 694 942 763 est
968 695 1106 766 saneti

88 818 300 893 Johannis
327 820 567 913 Baptistae.
618 821 780 910 Quarta
808 824 983 916 capella
1010 846 1030 897 a
1056 826 1106 898 la-

88 959 164 1028 tere
194 955 325 1046 dextro,
356 977 434 1027 cum
459 955 634 1046 egreditur
662 955 704 1027 de
733 956 878 1047 templo,
905 957 1007 1049 juxta
1033 964 1106 1032 tnr-

88 1088 153 1160 rim
168 1089 364 1181 campanilis
387 1093 438 1161 est
452 1085 612 1162 Mariae
631 1087 921 1177 Magdalenae.
957 1090 1126 1187 Primam,

89 1223 260 1315 capellam
288 1222 415 1295 habent
442 1222 585 1311 indiani,
615 1222 797 1294 secundam
820 1223 1006 1316 jacobitae,
1035 1231 1106 1300 ter·

88 1357 172 1428 tiam
198 1357 385 1448 georgiae,
415 1360 572 1449 quartam
588 1362 756 1449 occupant
773 1358 898 1452 greum.
933 1357 973 1429 ln
993 1360 1105 1432 medio

88 1491 210 1562 hamum
238 1494 383 1582 quatuor
410 1489 621 1585 capellarum
653 1490 688 1560 in
715 1490 921 1583 pavimento,
951 1512 972 1564 a
998 1493 1106 1581 gradu

91 1624 271 1698 Calcariae
299 1622 456 1695 undecim
482 1623 645 1717 passibus,
676 1628 727 1695 est
758 1623 852 1697 locus
878 1625 1031 1715 signatus
1056 1628 1106 1700 la-

89 1759 188 1850 pide,
226 1777 291 1849 quo
320 1756 485 1829 Dominus
513 1753 629 1846 Jesus,
668 1755 787 1829 ductus
815 1778 836 1829 a
863 1757 963 1831 domo
990 1760 1101 1852 Pilati,

94 1891 225 1985 quievit
259 1860 335 1962 cum
372 1911 482 1981 cruce,
522 1890 661 1962 cohorte
698 1889 946 1964 circumstante.
1003 1890 1106 1967 Juxta

90 2027 241 2119 plateam
280 2029 359 2095 ante
392 2024 557 2114 templum
597 2029 649 2096 est
686 2045 830 2097 carcer
862 2025 1105 2100 malefacto-

88 2180 193 2254 rum,
234 2158 332 2250 cujus
367 2157 525 2229 ostiolum
567 2157 705 2248 respicit
734 2159 874 2251 januam
901 2160 1020 2250 templi
1052 2164 1100 2232 22

89 2313 263 2385 passuum.
321 2290 453 2362 Deinde
481 2291 553 2361 itur
579 2312 697 2363 versus
725 2291 889 2364 orientem
920 2314 984 2383 per
1011 2293 1104 2366 vicos

88 2426 233 2500 civitatis
260 2424 304 2496 ad
330 2424 596 2516 praetorium
623 2424 761 2496 Pilati.
823 2423 874 2496 Et
902 2432 955 2498 est
983 2430 1105 2498 notan·

87 2561 184 2650 dum,
215 2558 355 2650 quoda
381 2556 654 2631 locoCalvariae
682 2577 788 2650 usque
815 2557 859 2629 ad
885 2559 976 2630 idern
1003 2581 1103 2651 prae-

87 2695 216 2766 torium
249 2698 328 2764 sunt
366 2693 454 2764 ccccl
492 2713 626 2783 passus,
667 2713 751 2782 quos
789 2692 879 2762 omni
917 2693 1101 2786 diligentia,

88 2849 157 2919 qua
185 2826 292 2918 potui,
322 2826 507 2898 numeravi.
571 2823 659 2896 Nam
686 2825 731 2897 ad
757 2825 914 2897 domum
943 2825 1102 2918 divitia,

87 2963 145 3054 qui
162 2960 296 3032 Lazaro
323 2960 484 3049 languido
511 2959 618 3030 micas
637 2959 828 3049 denegavit,
857 2964 937 3032 sunt
966 2959 1103 3032 ducenti

85 3096 166 3169 lxxv
199 3115 328 3185 passus,
389 3092 523 3165 Deinde
556 3114 578 3164 a
609 3093 751 3165 sinistris
789 3113 854 3183 per
892 3093 948 3164 xlv
981 3114 1101 3183 passus

86 3234 141 3303 est
174 3228 266 3300 locus
298 3227 402 3299 trium
433 3227 625 3318 platearum
656 3227 690 3297 in
718 3197 790 3300 acie
819 3226 1100 3314 concurrentium,

87 3385 156 3435 non
184 3362 285 3452 longe
312 3381 334 3432 a
362 3359 470 3450 valva,
501 3381 589 3451 quae
607 3359 699 3432 ducit
726 3358 770 3431 ad
785 3358 969 3431 Samariam
996 3356 1101 3429 etad

87 3495 350 3589 Kapharnaum,
396 3489 582 3565 Gamalam.
650 3492 781 3565 Ibidem
816 3490 952 3563 Simon
991 3510 1101 3580 cyre·

86 3651 186 3703 neus
213 3628 455 3718 angariatus
471 3627 537 3698 suit
553 3627 596 3698 ad
612 3627 797 3699 tollendam
814 3645 948 3697 crucem
962 3622 1096 3723 Christi.
