2782 4290
187 357 231 454 or

187 590 303 660 reae,
339 588 403 657 per
440 590 523 660 quas
565 567 703 656 angelus
735 567 871 640 Domini
909 568 1025 640 eduxit
1059 569 1199 642 Petrum

165 704 231 775 de
260 723 407 792 carcere,
439 723 525 793 quae
553 709 673 794 postea
699 723 766 772 non
783 707 861 774 sunt
886 708 1037 794 apertae.

272 841 330 908 12.
366 836 541 910 Exeuntes
574 842 687 908 autern
726 837 767 909 de
802 834 990 910 Jerusalem
1023 837 1197 924 descendi·

187 993 260 1043 mus
287 972 321 1042 in
350 971 504 1041 vallem
531 970 753 1062 Josaphat,
783 992 869 1062 quae
887 972 985 1043 abest
1011 993 1033 1042 a
1061 971 1196 1043 civitate

187 1104 360 1196 milliario,
396 1104 523 1176 habens
556 1104 667 1176 villam
698 1103 983 1176 Gethsemane
1018 1126 1093 1177 cum
1122 1107 1197 1178 loco

188 1238 376 1311 nativitatis
402 1243 537 1311 sanctae
564 1238 712 1327 Mariae,
747 1239 781 1309 in
810 1261 878 1329 quo
907 1244 973 1330 est,
1009 1240 1044 1310 in
1071 1240 1199 1311 honore

189 1372 311 1474 ipsiusp
341 1373 527 1444 ecclesia
560 1339 736 1444 sanctae
765 1373 925 1445 Mariae
952 1374 1114 1465 rotunda,
1144 1374 1200 1445 ubi

188 1510 242 1578 est
269 1507 536 1596 sepulchrum
562 1506 659 1596 illius,
690 1507 790 1598 quod,
812 1529 914 1598 supra
933 1529 1050 1579 senon
1070 1508 1199 1580 habens

187 1646 333 1730 tectum,
368 1642 503 1713 ininime
538 1640 687 1732 pluviam
721 1641 861 1732 patitur.
919 1641 955 1710 ln
990 1641 1065 1730 ipso
1095 1642 1196 1712 etiam

186 1775 261 1846 loco
290 1779 340 1845 est
368 1775 523 1865 ecclesia,
553 1776 587 1845 in
616 1775 899 1864 quoDominus
927 1775 1119 1846 traditus
1139 1779 1198 1865 est,

191 1908 318 1981 habens
346 1909 392 1980 ibi
420 1914 565 1999 quatuor
592 1929 724 1980 mensas
750 1908 911 1980 rotundas
932 1906 1056 1980 coenae
1085 1909 1196 1998 ipsius.

189 2042 228 2113 ln
256 2044 343 2114 valle
372 2063 504 2134 quoque
524 2041 691 2132 Josapnat
720 2046 774 2114 est
802 2041 985 2139 ecclesia
1012 2065 1038 2114 s.
1069 2042 1201 2114 Leon-

186 2177 253 2268 tii,
291 2177 325 2248 in
366 2198 435 2267 qua
471 2176 594 2248 dicitur
630 2176 795 2247 Dominus
837 2180 1000 2247 venturus
1047 2197 1120 2248 esse
1158 2177 1201 2248 ad

183 2310 356 2404 judicium.
426 2348 428 2355 <

272 2448 331 2516 13.
369 2417 452 2514 Inde
486 2443 691 2533 perreximus
731 2444 765 2512 in
807 2448 987 2515 montem
1021 2442 1197 2535 Oliveti‚

189 2580 224 2649 in
252 2580 349 2671 cujus
378 2577 518 2650 declivio
548 2578 736 2649 ostenditur
763 2577 856 2649 locus
884 2578 1042 2666 orationis
1064 2579 1200 2650 Domini

190 2713 234 2783 ad
278 2717 422 2800 patrem.
477 2710 518 2781 In
558 2711 665 2782 latere
710 2717 823 2784 autem
866 2712 1032 2804 praedicti
1078 2714 1199 2784 montis

189 2845 380 2919 ostenditur
412 2845 520 2935 locuS,
554 2845 588 2916 in
623 2867 690 2936 quo
718 2845 885 2934 pharisaei
919 2846 1132 2919 deduxerunt
1159 2847 1200 2917 ad

189 2981 366 3052 Dominum
416 2979 591 3051 mulierem
638 2981 673 3049 in
720 2979 886 3051 adulterio
942 2980 1198 3069 deprehensam.

189 3115 347 3186 Habetur
373 3114 419 3186 ibi
447 3114 637 3188 ecclesia
663 3113 698 3183 in
726 3112 853 3185 honore
882 3115 1018 3186 sancti
1045 3114 1069 3186 J
1076 3115 1198 3186 ohan·

171 3228 270 3337 nm,
314 3249 348 3318 in
388 3271 454 3340 qua
490 3252 647 3320 servatur
683 3246 851 3337 scriptura
887 3247 922 3318 in
958 3247 1070 3340 lapide
1110 3271 1197 3321 mar-

187 3403 315 3473 moneo,
345 3405 444 3474 qiuam
473 3382 637 3453 Dominus
665 3381 798 3472 scripsit
825 3382 860 3452 in
889 3386 993 3456 terra.

274 3518 332 3588 14.
370 3518 408 3588 ln
437 3517 608 3589 cacumine
646 3521 760 3587 autem
795 3515 927 3608 saepius
955 3516 1039 3587 dicti
1066 3517 1196 3607 montis,

188 3650 343 3722 milliario
370 3673 437 3722 uno
465 3673 485 3722 a
512 3651 599 3723 valle
626 3649 799 3741 iosaphat,
831 3655 881 3723 est
913 3651 1033 3723 locus
1061 3672 1200 3726 ascen-
