2782 4290
278 426 325 502 '62

198 685 204 702 ,
278 617 534 708 praesentantes
579 613 706 684 carceri
746 613 1033 706 mancipaverunt.
1104 607 1172 681 Sed
1214 609 1293 700 qnia

283 747 357 819 Deo
378 747 488 818 nullus
507 744 684 836 clauditur,
715 751 789 817 erat
815 744 863 817 ibi
890 765 975 816 unns
1002 742 1207 838 negotiator,
1236 741 1294 834 qui

285 881 436 972 quotidie
465 879 514 951 eis
548 878 717 968 quaelibet
749 878 943 952 necessaria
968 875 1180 949 ministravit.
1239 874 1294 947 In-

282 1013 415 1086 tordmn
445 1012 618 1085 balneavit
657 1019 692 1083 et
724 1011 768 1083 ad
802 1011 974 1085 ecclesiam
1007 1009 1168 1104 produxit
1200 1009 1293 1103 (per-

283 1146 400 1239 duxit).
454 1146 524 1218 illis
550 1147 585 1217 in
612 1166 747 1218 carcere
778 1145 943 1234 detentis,
972 1143 1107 1234 quidam
1134 1143 1293 1236 hispanus

283 1280 412 1353 habens
439 1279 473 1349 in
501 1279 628 1372 palatio
650 1277 740 1368 regis
753 1277 902 1369 fratrem,
932 1281 1074 1372 experto
1101 1282 1296 1349 sanctorum

285 1412 350 1486 Dei
376 1413 525 1504 negotio,
554 1432 613 1485 eos
640 1411 808 1504 adjutorio
835 1411 950 1485 fratris
977 1413 1074 1485 simul
1103 1416 1139 1483 et
1156 1416 1290 1500 nautae,

286 1546 342 1638 qui
370 1566 430 1620 eos
457 1546 657 1635 adduxerat,
694 1546 784 1639 apud
810 1566 944 1637 regem,
979 1543 1128 1618 Minium
1155 1544 1292 1634 dictum,

169 1713 172 1717 ·
287 1679 456 1752 excusavit
490 1685 525 1752 et
557 1680 606 1752 eis
633 1646 778 1752 abeundi
805 1680 1058 1774 permissionem
1085 1677 1293 1773 impetravit.

371 1818 405 1886 8.
435 1813 517 1885 Indo
555 1815 726 1908 progressi
753 1818 920 1886 venerunt
948 1813 1190 1886 Damascum
1217 1809 1297 1883 reli-

290 1946 377 2039 quiis
401 1946 564 2042 Ananiae,
593 1947 649 2038 qui
676 1967 873 2020 conversum
899 1948 945 2020 ibi
974 1947 1132 2022 divinitus
1151 1946 1296 2018 Paulum

285 2079 487 2175 baptizavit,
524 2080 698 2170 insignem.
754 2079 846 2152 Fusa
880 2102 962 2171 ergo
992 2083 1146 2154 oratione
1173 2081 1208 2152 in
1236 2080 1296 2150 illa

288 2214 443 2304 ecclesia,
486 2234 572 2306 quae
599 2232 687 2285 nunc
712 2213 748 2284 in
773 2213 847 2286 loco
877 2215 1106 2288 conversionis
1140 2236 1167 2286 s,
1197 2213 1296 2285 Pauli

288 2349 429 2438 emicat,
459 2351 625 2420 venerunt
651 2347 687 2418 in
714 2342 917 2439 GaHIaeam,
952 2349 987 2419 in
1020 2349 1131 2421 vicum
1165 2346 1296 2419 Naza-

288 2481 402 2571 reth,
439 2481 482 2552 de
515 2502 580 2573 qao
614 2486 645 2552 et
676 2477 782 2551 Jonas
816 2480 942 2554 dicitur
974 2480 1206 2556 Noacvcaca:
1239 2482 1298 2554 ubi

290 2612 514 2704 modoaqeics
552 2612 708 2704 Gabriel,
752 2619 886 2688 sanctae
925 2613 1071 2707 Mariae,
1110 2620 1298 2710 perpetuae

279 2747 427 2836 circini,
456 2767 643 2840 appareas,
672 2746 703 2818 ei
730 2747 773 2819 dc
799 2747 1013 2821 incarnando
1030 2751 1067 2822 ic
1090 2751 1165 2839 ejas
1181 2755 1298 2821 occire
1324 2739 1326 2742 ’

288 2878 357 2950 Dei
379 2878 452 2968 viiio
478 2880 665 2973 praedicit,
694 2886 725 2952 et
737 2880 795 2953 adi
808 2882 935 2976 spirita
952 2889 1069 2956 adacto
1081 2882 1299 2956 obumbrante

288 3013 528 3107 impaoeoauto
560 3014 853 3088 inaestimabiliter
886 3014 955 3090 Dei
985 3017 1096 3107 filiam
1135 3018 1295 3112 coacepit.

290 3145 348 3218 Ibi
373 3147 498 3238 dionae
534 3148 727 3222 sanctitatis
760 3154 891 3222 constat
923 3132 1078 3224 ecclesia·
1099 3171 1202 3244 saepo
1237 3172 1299 3245 per

289 3281 483 3356 christianos
498 3305 518 3354 a
531 3283 717 3355 sarracenis
745 3303 820 3353 eam
849 3283 999 3376 dejicere
1014 3283 1294 3373 aggredientibus

288 3416 399 3511 pretio
427 3416 588 3490 redemta.
641 3415 723 3487 Inde
750 3422 828 3509 post
854 3417 1028 3489 visitatam
1061 3418 1170 3519 primo
1197 3417 1299 3489 mira·

287 3543 435 3621 culorum
446 3549 581 3620 Domini
594 3548 740 3622 nobilem
753 3535 936 3621 Chanam
949 3548 1135 3642 Galilaeae,
1149 3551 1297 3622 transito

288 3689 418 3754 monte
446 3683 599 3771 Tabor,
629 3681 685 3753 ubi
712 3703 797 3752 nuno
824 3682 1061 3755 monachorum
1076 3685 1297 3771 congregatio
