2782 4290
1057 359 1098 428 71

86 540 276 614 deveniunt
298 537 519 628 Rhegium,
548 537 627 609 hinc
654 537 891 630 Neapolim,
926 540 1004 612 inde
1032 539 1099 633 Sy·
1190 511 1203 522 ’

83 694 277 746 recusam
306 671 497 764 (Capuam).

170 809 229 878 15.
265 806 425 896 Domum,
462 810 623 876 automno
660 827 697 877 se
730 806 768 877 o'o
794 806 936 879 hiemem
963 814 1096 882 coutro-

19 952 22 959 '
84 942 200 1029 deute,
235 940 389 1031 deposuit
423 960 459 1011 se
493 944 629 1011 sanctus
656 939 867 1013 Willibaldus
900 942 1096 1014 inmonte

83 1074 230 1147 Casini
264 1073 355 1163 apud
388 1073 626 1146 monastecium
660 1074 766 1145 saucti
799 1073 993 1165 Benedicti,
1036 1075 1097 1148 sub

83 1209 230 1281 abbate·
245 1207 444 1279 Petronace.
507 1205 557 1277 Et
590 1206 645 1278 hic
685 1206 833 1280 decimus
867 1214 941 1281 erat
977 1229 1095 1299 annus,

84 1366 128 1416 ex
157 1363 224 1434 quo
253 1340 390 1413 exilium
418 1345 470 1413 ost
497 1340 648 1430 adorsus,
672 1346 811 1414 octoous
837 1363 930 1432 vero,
962 1364 1004 1414 ea
1031 1365 1096 1436 quo

83 1474 232 1547 Romam
260 1479 310 1546 cot
336 1495 502 1564 opressus.
551 1473 736 1567 Postquam
765 1497 848 1567 ergo
876 1481 1012 1549 sauctus
1038 1476 1096 1550 ille

82 1611 135 1685 vir
162 1631 199 1682 se
227 1608 400 1680 monachis
427 1607 589 1699 praedicti
616 1608 680 1681 loci
696 1608 877 1701 conjunxit,
907 1612 999 1682 vitae
1018 1632 1096 1685 coe-

81 1742 225 1817 nobialis
267 1741 606 1832 religiosissimaeque
642 1744 904 1816 conversationis
943 1766 1095 1816 normam

81 1879 116 1949 in
149 1898 187 1950 se
221 1876 416 1967 plenissime
453 1876 663 1948 monstravit.
721 1875 846 1966 Igitur,
876 1898 995 1950 amore
1023 1897 1095 1948 om-

81 2013 174 2084 nium
202 2011 238 2081 in
264 2029 341 2082 eum
367 2016 572 2101 provocato,
601 2010 635 2080 iu
662 2011 784 2101 primo,
812 2016 990 2102 postquam
1017 2011 1096 2083 illuc

82 2145 192 2235 uenit,
229 2164 316 2215 auno
349 2141 459 2215 iactus
493 2148 546 2216 est
580 2143 804 2216 cubicularius
837 2143 1017 2233 ecclesiae,
1060 2144 1095 2216 iu

81 2278 227 2353 secundo
256 2277 452 2350 monasterii
480 2278 634 2368 decanus,
665 2276 893 2369 postmodum,
928 2281 1008 2349 octo
1035 2297 1095 2348 an·

80 2416 132 2486 uis
168 2413 204 2485 in
245 2412 374 2485 duobus
409 2411 526 2503 positis
559 2412 606 2485 ibi
632 2412 861 2501 monasterie,
903 2410 1091 2504 portarius:

82 2553 231 2639 quatuor
257 2546 353 2618 annis
379 2546 470 2636 apud
495 2547 735 2619 monasterium
762 2546 795 2617 in
817 2544 944 2618 vertice
971 2543 1095 2616 montis

79 2685 198 2772 situm
235 2684 381 2772 quatuor
414 2701 530 2753 rursus
564 2679 655 2771 apud
688 2679 927 2752 monasterium
954 2677 1095 2750 iuferius

76 2789 178 2910 juxta
204 2835 363 2888 amnem
389 2813 571 2904 Raphito
599 2814 753 2905 positum.

164 2954 226 3023 16.
270 2944 407 3020 Oloroit
440 2952 471 3018 et
510 2946 626 3020 eodem
666 2953 813 3037 tempore
846 2946 884 3017 iu
918 2944 1095 3018 teutonicis

75 3083 239 3175 portibus
281 3087 351 3154 tom
392 3077 508 3172 opere,
555 3102 659 3173 quom
699 3081 834 3154 oomiuc
873 3078 1093 3168 Booifocdus,

79 3217 300 3310 moquntiaoe
327 3213 487 3288 ecclesiae
515 3214 800 3306 archiepiscopos,
827 3234 950 3305 peoora
976 3211 1095 3305 itidem

80 3352 206 3444 coplas
236 3355 269 3423 et
294 3353 411 3422 coacto
436 3346 633 3422 Wdlidotdo
662 3353 835 3439 capacius,
865 3357 1095 3434 conversoque
1176 3421 1181 3429 ,

74 3485 294 3578 postmodum
320 3482 427 3572 feroci
453 3480 595 3571 Fresio,
625 3482 771 3574 coaptas
801 3479 930 3554 Coruo·
961 3480 1095 3566 martyr

79 3621 234 3711 futurus.
292 3615 365 3690 Hic
391 3637 468 3690 cum
494 3615 537 3688 de
556 3614 753 3708 plootoodo
779 3612 989 3689 coactante
1014 3607 1095 3683 reti-
