2782 4290
1157 468 1197 535 51

185 770 346 838 XXXVII.
399 770 571 855 turingia,
611 770 836 854 Sulnebruoga
868 772 1063 840 sacerdotali
1092 776 1201 844 infula

186 878 330 961 ditatum
359 877 514 946 nonnulla
544 877 585 944 ad
613 876 781 961 prologum
804 879 985 961 spectantia
1013 880 1197 953 interserta.

268 1043 318 1115 Et
359 1047 539 1135 postquam
578 1042 675 1114 unius
720 1042 796 1114 anni
839 1044 1003 1117 transibat
1042 1048 1199 1141 circulus,

187 1182 320 1250 sanctus
346 1175 543 1249 Bonifatius
578 1176 753 1269 praecepit
779 1176 846 1267 illi,
875 1183 914 1248 ut
940 1178 975 1248 in
1003 1179 1198 1280 Turingiam

188 1313 232 1385 ad
259 1333 297 1386 se
325 1312 467 1385 verriret.
522 1309 707 1403 Statimque
736 1311 950 1383 venerandus
976 1313 1034 1386 ille
1062 1316 1116 1386 vir
1135 1317 1201 1388 Dei

188 1445 404 1518 Willibaldus
431 1444 612 1519 secundum
634 1445 820 1537 jussionem
834 1446 941 1517 sancti
967 1447 1031 1519 viri
1058 1449 1093 1519 in
1121 1449 1200 1521 Tu-

188 1579 373 1669 ringiam
406 1580 571 1670 veniebat,
602 1583 637 1650 61
663 1579 698 1648 in
733 1578 834 1650 domo
867 1578 980 1652 fratris
1013 1583 1063 1653 sui
1098 1585 1202 1655 sancti

189 1713 394 1786 Wunebeidi
428 1712 663 1803 hospitalitatis
697 1713 904 1784 mansionem
931 1713 1095 1806 habebat,
1125 1716 1203 1807 quia

188 1849 283 1920 illum
314 1849 385 1940 jam
417 1848 510 1937 prius
538 1851 616 1919 octo
645 1867 807 1919 annorum
834 1847 944 1936 spatio
972 1853 1007 1920 et
1034 1870 1123 1920 nono
1153 1851 1203 1922 di-

188 1982 293 2055 midio
321 1982 363 2054 ab
392 2001 444 2071 eo,
475 1980 566 2074 quod
594 1979 636 2050 de
663 1979 771 2052 Roma
797 1982 981 2072 pergebat,
1011 2002 1078 2053 non
1105 1984 1200 2055 vidit.

190 2115 241 2187 nt
272 2117 346 2208 jam
380 2089 459 2188 tunc
493 2115 640 2187 videndo
681 2112 876 2202 gaudebant
910 2119 946 2186 et
981 2116 1203 2190 conventione

189 2250 451 2341 gratulabantur
489 2251 597 2321 ambo.
661 2247 749 2320 Illud
788 2245 853 2318 fuit
893 2249 1086 2320 autumnale
1125 2252 1203 2321 anni

187 2390 330 2479 tempus,
361 2382 494 2478 quando
509 2381 722 2454 Willibaldus
750 2380 908 2453 veniebat
934 2381 969 2452 in
997 2380 1199 2472 Turingiam.

191 2517 380 2611 Statimque
407 2521 632 2610 posteaquam
658 2516 738 2586 illuc
755 2514 923 2605 veniebat,
952 2488 1087 2587 sanctus
1102 2517 1204 2589 Boni-

189 2650 298 2723 iaoius
325 2651 597 2743 archiepiscopus
631 2655 733 2745 atque
766 2649 1006 2720 Burchhardus
1042 2655 1076 2719 et
1102 2650 1201 2721 Wizo

190 2804 309 2857 sacrae
360 2788 575 2878 episcopatus
627 2782 823 2856 auctoritati
872 2783 966 2854 illum
1015 2783 1201 2855 ordinando

192 2926 486 2993 consecraverunt.
542 2920 607 2992 Ast
632 2918 757 2991 ibidem
783 2921 873 3006 tuno,
904 2936 1046 3009 cumque
1074 2938 1202 2990 summo

190 3052 413 3125 sacerdotalis
440 3053 564 3126 infulae
592 3054 717 3125 ditatus
739 3055 812 3121 erat
829 3050 970 3140 honore,
994 3071 1094 3121 unam
1122 3051 1205 3123 heb-

191 3185 372 3259 domadam
400 3193 484 3278 erat,
515 3192 550 3259 et
576 3191 697 3278 postea
716 3185 841 3256 iterum
860 3182 903 3254 ad
917 3183 1203 3275 praedestinatum

191 3320 375 3393 mansionis
402 3342 483 3393 suae
511 3321 620 3393 locum
647 3317 830 3393 remeabat.

183 3463 186 3466 ’
271 3452 333 3525 1116
361 3453 591 3545 willibaldus,
630 3453 768 3547 quando
803 3450 838 3520 in
866 3450 1059 3541 episcopum
1087 3436 1204 3523 conse-

192 3592 308 3659 cratus
342 3592 431 3680 erat,
464 3587 612 3659 habebat
639 3585 862 3682 quadraginta
890 3603 994 3654 annos
1023 3589 1057 3654 et
1084 3604 1197 3655 unum.

191 3707 239 3790 Et
268 3725 351 3790 tunc
379 3725 453 3791 erat
480 3721 670 3793 autumnale
699 3726 840 3811 tempus.
886 3715 986 3785 Circa
1013 3716 1104 3787 illam
1131 3717 1203 3790 fero

997 3836 1017 3898 4
1029 3839 1046 3877 ’t‘
