2782 4290
277 382 318 449 lo

277 563 368 641 vitae
397 561 608 652 disciplinam
623 561 816 634 declarabat
844 564 907 633 ista
927 582 1008 634 suae
1023 563 1283 652 congregationi,

276 695 408 786 sicque,
446 701 484 766 ut
522 717 597 765 cum
638 715 755 796 corum
789 695 923 766 consilio
958 694 1030 773 sivo¹
1064 694 1198 766 licentia
1224 695 1287 766 hoc

275 829 374 919 foret,
403 828 460 900 ille
488 827 671 916 flagitabat.
726 826 787 900 Cui
815 828 966 920 protinus
994 828 1098 900 omnis
1125 829 1183 898 illa
1209 850 1287 900 con·

279 963 394 1034 ventio
442 962 587 1034 fratrum
633 962 730 1034 simul
774 982 970 1050 responsum
1011 982 1070 1032 seu
1117 962 1287 1033 licentiam

277 1096 403 1168 dabant
429 1117 577 1186 suaeque
605 1095 792 1166 voluntatis
821 1095 964 1164 arbitrio
999 1096 1108 1165 omnia
1135 1096 1208 1166 fore
1237 1096 1286 1166 fas

277 1229 448 1339 dicebant,
478 1233 721 1319 acceptumque
739 1228 849 1317 illum,
880 1228 971 1299 ocius
988 1229 1077 1300 inter
1096 1229 1287 1301 coenobiale

282 1362 370 1433 vitae
399 1383 516 1434 eorum
545 1362 747 1435 consortium
772 1360 957 1453 jungendo,
986 1361 1163 1433 sociabant.

297 1704 302 1709 ·
330 1694 367 1760 V.
407 1693 513 1762 Sacris
534 1693 659 1761 littoris
683 1695 715 1761 at
750 1691 942 1760 monachiali
965 1694 1055 1761 vitae
1078 1693 1234 1761 inhaorot.

356 1894 438 1967 Post
465 1895 548 1968 haec
573 1896 688 1988 itaque
716 1917 794 1967 cum
827 1916 912 1986 puer
939 1895 1006 1967 iste
1040 1895 1192 1986 pudicus,
1224 1917 1285 1966 ceu

189 2101 193 2108 ,
278 2026 459 2117 perfectus,
484 2030 588 2102 sacris
625 2031 815 2103 litterarum
849 2028 970 2101 studiis
1003 2029 1149 2102 imbutus
1184 2036 1285 2120 atque

278 2163 447 2253 cruditus,
482 2184 593 2236 sacras
620 2142 767 2236 davidici
801 2161 955 2235 carminis
988 2163 1125 2253 paginas
1158 2164 1287 2235 sollerti

276 2297 396 2370 urentis
435 2297 623 2371 intentione
662 2317 864 2386 peragrans,
909 2296 970 2368 sed
1011 2300 1048 2368 61
1089 2298 1188 2368 etiam
1223 2297 1288 2367 alia

277 2430 412 2504 divinae
444 2432 530 2521 legis
556 2430 862 2521 hagiographorum
890 2428 1070 2500 armariola
1095 2429 1286 2518 indagando

276 2563 347 2644 sive
378 2563 534 2652 legendo
574 2563 707 2652 procaci
741 2562 800 2634 ille
835 2582 937 2633 sensu
963 2563 1137 2655 saphyrus,
1173 2570 1288 2639 mente

276 2696 470 2777 moderatus
497 2696 647 2785 indagat,
676 2700 713 2769 61
739 2700 850 2769 tamen
884 2717 951 2768 non
988 2697 1099 2770 adhuc
1131 2699 1289 2789 plurimo·

278 2849 353 2909 tum
381 2833 685 2902 actateannorum
703 2829 931 2921 grandaevus,
957 2831 1033 2922 scd,
1062 2832 1149 2905 sicut
1178 2832 1290 2904 divina

276 2982 411 3055 semper
439 2984 604 3055 snpcmae
631 2965 970 3055 pictatisclementia
997 2967 1207 3055 agaresolet
1237 2987 1289 3058 se·

277 3095 424 3176 cundum
462 3097 698 3189 propheticum
735 3098 979 3190 prophetarum
1016 3101 1209 3172 vaticinium
1250 3123 1291 3171 ox

279 3248 338 3310 ora
374 3229 551 3304 inlantium
585 3253 647 3304 ceu
688 3232 886 3305 lactantium
918 3234 1082 3324 perlicere
1116 3234 1178 3306 sibi
1205 3235 1291 3307 solet

192 3363 197 3369 ’
275 3363 420 3442 laudem.
451 3365 583 3439 Deinde
598 3368 717 3459 itaque
735 3387 877 3458 cumque
887 3366 922 3439 in
935 3387 975 3439 eo
985 3367 1056 3458 jam
1071 3367 1167 3439 simul
1187 3389 1290 3439 anno-

275 3518 352 3576 rnm
375 3504 474 3598 ¹aetas
500 3501 693 3592 mentisque
720 3501 883 3589 sagacitas
905 3499 1043 3574 divinae
1073 3500 1290 3591 dispensatio-

279 3633 330 3707 nis
355 3633 590 3711 moderamine
616 3633 782 3726 pullulare
810 3607 980 3728 ooepcrat,
1010 3640 1045 3709 et
1060 3635 1167 3708 multo
1185 3636 1291 3724 magis
