2782 4290
1139 434 1203 502 14⁷

190 607 363 700 discipulis
388 607 424 678 in
450 606 507 679 via
532 605 593 678 sub
622 611 807 697 conquestu
834 608 876 681 de
890 613 1001 685 morte
1017 612 1106 686 illius
1127 620 1206 688 ten-

190 742 349 816 dentibus
391 740 599 831 Nicopolim,
635 741 671 812 id
704 747 757 814 est
789 742 1000 835 Emmaus,
1043 749 1203 840 oppidum

188 877 254 949 VI.
294 875 452 947 milliario
492 875 535 945 ab
574 873 767 946 Jerusalem
811 882 930 949 contra
976 880 1206 954 occidentem:

189 1030 293 1102 quem
321 1013 358 1083 et
384 1008 431 1080 ibi
457 1027 570 1080 secum
584 1011 761 1099 receptum
781 1010 815 1080 in
843 1012 1012 1103 hospitem
1039 1035 1206 1104 recogno-

187 1149 314 1219 verumt
351 1143 386 1214 in
426 1141 593 1214 fractione
626 1143 738 1233 panis;
777 1143 837 1214 sed
876 1147 989 1217 statim
1029 1147 1202 1239 disparuit.

186 1277 321 1351 Deinde
348 1275 501 1348 omnibus
528 1277 686 1366 apparuit
721 1278 884 1366 apostolis
920 1279 1046 1372 absque
1074 1282 1205 1354 Thoma

185 1414 221 1484 in
262 1414 381 1483 monte
416 1409 496 1481 Sion
532 1409 646 1500 januis
682 1411 819 1500 clausis,
863 1412 975 1485 dicens
1003 1416 1068 1488 eis:
1123 1415 1205 1487 Puer

188 1544 295 1617 vohis.
332 1541 461 1616 Octavo
491 1564 623 1634 quoqne
652 1543 707 1616 die
740 1545 775 1615 in
809 1552 924 1616 monte
952 1548 1071 1620 eodem
1099 1571 1204 1641 appa·

187 1680 259 1751 ruit
299 1676 451 1748 Thomae
488 1697 564 1747 cum
600 1678 741 1768 reliquis
779 1678 963 1770 discipulis,
1000 1683 1133 1771 quando
1172 1682 1205 1754 ei

187 1812 334 1885 vulnera
359 1830 421 1883 sua
446 1809 615 1902 palpanda
642 1811 776 1883 obtulit.
832 1813 907 1903 Quo
935 1813 1028 1886 facto
1057 1815 1203 1886 Thomas

187 1945 318 2018 intulit:
352 1940 525 2016 Dominus
550 1964 646 2016 meus
673 1949 705 2016 et
730 1942 829 2017 Deus
855 1968 959 2027 meus.
1000 1947 1076 2019 Hae
1104 1968 1203 2020 rere·

187 2080 334 2152 lationes
360 2098 423 2169 per
448 2079 612 2168 picturam
640 2077 913 2151 demonstrantur
929 2080 1039 2152 iactae
1066 2081 1100 2151 in
1127 2081 1201 2153 loco

187 2215 313 2287 montis
341 2211 438 2294 Sion,
466 2211 610 2301 scilicet,
646 2212 681 2282 in
715 2217 835 2303 crypta
861 2214 1000 2305 majoris
1029 2214 1199 2304 ecclesiae,

188 2348 246 2421 ubi
275 2347 380 2418 etiam
408 2345 603 2436 depingitur
628 2345 791 2417 Dominus
823 2352 939 2418 noster
973 2347 1077 2438 pedes
1106 2348 1202 2419 disci·

187 2482 345 2573 pulorum
378 2499 513 2550 suorum
547 2479 684 2569 lavisse,
721 2498 795 2550 cnm
821 2479 997 2552 manifesta
1024 2483 1201 2571 utriusque

188 2614 273 2688 iacti
302 2612 541 2706 descriptione.
598 2613 680 2684 Post
712 2613 993 2684 resurrectionem
1021 2615 1122 2686 etiam
1149 2635 1202 2686 se-

173 2720 246 2822 'ous
275 2767 370 2819 maro
397 2746 587 2818 sunericus
615 2750 651 2816 et
678 2745 823 2817 inmari
850 2751 906 2817 ter
937 2747 1107 2840 discipulis
1133 2750 1201 2819 sus

174 2881 290 2955 'Jesus
316 2900 354 2955 se
380 2877 620 2969 manifestavit,
651 2883 685 2950 et
710 2884 849 2974 praeter
880 2880 965 2952 haec
1000 2881 1081 2952 alibi
1115 2882 1200 2951 mul-

188 3014 290 3088 toties
324 3012 368 3084 ad
401 3012 709 3107 comprobationem
744 3033 824 3085 suae
852 3014 1104 3085 resurrectionis
1127 3015 1200 3106 jam

188 3148 302 3221 factae
331 3151 367 3218 et
391 3150 530 3219 nostrae
556 3148 812 3220 resurrectionis
840 3146 951 3218 adhuc
979 3146 1127 3220 futurae.

188 3355 232 3421 12.
273 3352 507 3421 Monumentum
535 3353 577 3422 ad
605 3354 804 3438 sepulchrum
826 3354 960 3432 Domini,
986 3355 1090 3421 altare
1113 3354 1153 3420 ad
1175 3372 1201 3419 a.

280 3442 494 3526 sepulchrum,
524 3443 772 3527 epigrammata,
802 3443 934 3510 ecclesia
956 3461 1056 3520 nova,
1087 3442 1200 3509 chorus

279 3532 488 3612 dominorum,
511 3533 618 3601 altum
639 3536 895 3613 resurrectionis,
919 3534 1085 3616 processio.

239 3680 433 3774 Dispositio
472 3683 697 3774 monumenti,
738 3682 773 3752 in
814 3700 881 3771 quo
915 3679 1106 3752 continetur
1138 3697 1198 3750 se·

991 3797 1058 3866 10*
