2782 4290
1141 416 1206 482 123

192 599 427 689 aolipeccare.
447 597 561 669 Locus
571 598 629 670 ille
640 600 963 686 repraesentaturin
973 620 1079 690 parva
1091 607 1207 693 crypta

194 732 348 824 ejusdem
359 726 485 822 templi,
500 732 655 822 adquam
671 730 828 803 introitus
845 738 895 803 est
912 732 945 801 in
963 733 1098 804 sinistra
1109 740 1206 825 parte

136 871 139 876 '
192 866 330 955 templi,
366 871 402 936 et
432 871 574 937 vocatur
609 864 785 937 confessio.
847 865 888 935 ln
921 866 1065 938 eundem
1095 868 1225 938 locum'

192 998 319 1069 dicitur
344 996 515 1087 ingressus
547 999 744 1088 Zacharias,
782 998 915 1089 quando
943 999 985 1070 ab
1012 1000 1145 1094 angelo,
1163 1001 1206 1073 de

193 1133 419 1221 conceptione
446 1131 610 1205 Johannis
644 1139 696 1206 est
722 1132 936 1204 certificatus.
993 1131 1069 1203 Hoc
1098 1138 1207 1204 totum

189 1266 318 1337 indicat
343 1266 475 1356 pictura
502 1271 537 1337 et
563 1267 874 1357 superscriptiones
904 1288 990 1358 quae
1010 1267 1098 1338 tales
1113 1273 1205 1339 sunt:

190 1400 346 1488 Angelus
382 1400 426 1471 ad
467 1399 683 1472 Zachariam:
745 1398 805 1472 Ne
842 1400 977 1488 timeas,
1015 1399 1204 1492 Zacharia,
1245 1454 1248 1460 >

190 1532 361 1605 caaada'ta
401 1539 452 1606 est
493 1534 602 1606 oratio
642 1539 704 1606 laa
744 1538 810 1607 etc.
880 1533 919 1604 ln
958 1535 1203 1625 superliminari

190 1670 306 1756 imago
342 1666 483 1739 Christi:
523 1668 710 1740 Absolve
744 1673 896 1756 gentes
930 1690 1003 1741 sua
1035 1670 1209 1742 crimina

189 1801 317 1874 corde
346 1800 542 1874 fatentes.

279 1934 320 2005 In
348 1936 475 2025 templo
503 1935 547 2007 ad
574 1935 691 2024 altare,
722 1937 811 2026 quod
838 1928 1021 2009 entracrat
1043 1937 1208 2038 subdivo,

186 2074 357 2142 remotum
393 2090 415 2140 a
452 2070 578 2159 templo
618 2067 693 2159 plus
728 2090 827 2160 quam
864 2092 928 2161 per
955 2071 1055 2143 XXII
1081 2091 1208 2161 passus,

187 2202 383 2303 Zacharias,
412 2201 499 2274 filius
525 2203 727 2292 Barachiae,
756 2209 888 2294 martyr
909 2205 1073 2294 occubuit,
1105 2224 1208 2293 supra

187 2336 282 2428 quod
309 2337 344 2406 in
371 2337 479 2409 veteri
515 2340 718 2409 testamento
748 2337 867 2439 judaei
900 2343 1053 2411 turtures
1090 2342 1126 2410 et
1154 2361 1209 2409 co·
1240 2414 1247 2439 ι

185 2471 320 2543 lumbos
359 2471 549 2543 sacrificare
590 2472 756 2543 solebant:
798 2471 887 2563 quod
928 2493 949 2542 a
985 2474 1211 2545 sasarracenis

185 2610 310 2696 postea
335 2610 500 2676 mutatum
529 2606 637 2679 estin
664 2605 885 2696 horologium,
917 2611 954 2679 et
974 2606 1084 2678 adhuc
1100 2607 1210 2678 videri

185 2742 315 2830 potest,
345 2744 383 2809 et
410 2741 531 2831 notari,
567 2739 656 2832 quod
676 2740 793 2829 plures
809 2743 976 2814 sarraceni
992 2743 1096 2813 ctiam
1110 2740 1211 2814 hodie

187 2871 308 2945 orandi
337 2893 437 2945 causa
464 2869 655 2966 adipsum,
686 2875 986 2948 versusmeridiem
999 2875 1207 2967 dispositum,

183 3007 227 3080 ad
259 3027 360 3099 quem
386 3007 454 3097 ipsi
481 3028 582 3081 orare
609 3009 727 3098 solent,
756 3008 906 3079 veniunt.

266 3139 365 3213 Idem
405 3161 488 3215 uero
529 3143 690 3234 templum
731 3133 883 3233 Domini,
937 3143 1024 3215 miro
1060 3143 1211 3216 tabulatu

184 3296 379 3348 marmoreo
407 3275 498 3348 intus
526 3280 563 3348 et
595 3277 743 3350 exterius
770 3296 791 3347 a
826 3296 1024 3368 quocunque
1062 3281 1210 3348 exstruc-

186 3414 275 3500 tum,
322 3408 466 3480 formam
507 3409 612 3482 habet
652 3407 831 3482 rotundam
878 3411 1069 3499 decentem,
1106 3410 1207 3480 immo

190 3543 404 3615 circulariter
431 3546 644 3635 octogonam,
675 3545 709 3615 id
740 3548 804 3634 est,
835 3550 909 3616 octo
927 3544 1067 3632 angulos
1083 3542 1209 3614 hahen-

186 3682 256 3750 tem
282 3678 319 3749 in
347 3676 502 3768 chemtu,
532 3677 663 3752 habens
690 3680 856 3772 parietem
877 3678 919 3751 de
935 3679 1063 3769 optimo
1077 3676 1207 3750 musivo
