2782 4290
391 434 434 498 52

390 613 527 702 horam,
571 612 678 685 tribus
721 599 987 684 hebdomadibus
1027 610 1108 679 ante
1141 607 1254 679 natale
1294 628 1376 681 sanc

393 744 545 837 Martini,
574 746 610 815 in
637 745 832 836 episcopmn
860 746 1072 815 consecratus
1099 745 1152 813 est
1177 741 1212 811 in
1229 740 1319 831 1111,
1348 763 1391 834 ψ

392 846 515 949 dicitur
542 875 835 967 Sulzeprucge.

473 1010 661 1082 Transacto
681 1016 785 1103 atque
798 1010 978 1082 terminato
998 1008 1120 1099 prolixi
1147 1008 1278 1080 itineris
1287 1013 1391 1081 meat

390 1142 584 1233 Willibaidi,
614 1165 714 1235 quem
741 1143 797 1216 ille
825 1162 930 1232 sagax
956 1143 991 1213 in
1018 1144 1149 1233 septem
1162 1142 1387 1215 annorumin

391 1275 496 1346 duciis
523 1275 697 1347 lustrando
725 1275 849 1365 adibat,
878 1275 937 1346 illa
964 1297 1051 1346 nunc
1069 1280 1208 1366 reperta
1222 1280 1259 1347 et
1274 1277 1391 1347 euri·

391 1409 512 1479 rimata
540 1408 722 1497 explanare
749 1407 971 1501 intimareque
1006 1408 1226 1502 conabamur,
1265 1412 1303 1480 et
1336 1430 1391 1479 11

392 1541 433 1612 ab
461 1540 527 1611 alio
555 1547 701 1632 reperta,
731 1542 794 1612 nisi
822 1542 963 1633 abipso
991 1541 1106 1613 audita
1134 1545 1170 1611 11
1184 1562 1226 1612 ex
1239 1541 1328 1614 illius
1342 1563 1391 1613 11

384 1674 511 1745 dictata
543 1673 796 1764 perscripsimus
838 1675 871 1744 in
914 1674 1117 1746 monasterio
1156 1673 1373 1746 Heidanbeiu

390 1808 532 1878 testibus
559 1805 640 1876 mihi
667 1806 817 1878 diaconis
844 1808 918 1899 ejus
947 1812 982 1877 11
1009 1806 1261 1879 aliisnunnullis
1284 1809 1382 1899 junio

389 1939 481 2010 ribus
509 1939 592 2029 ejus,
632 1937 712 2011 Ideo
741 1940 815 2012 dico
843 1941 917 2031 huc,
947 1945 984 2012 ut
1011 1941 1120 2011 nullus
1146 1941 1269 2012 iterum
1291 1941 1384 2014 dicat

386 2070 541 2144 frivolum
568 2069 680 2144 fuisse.

387 2331 559 2401 XXXVIH.
601 2333 637 2400 In
665 2333 797 2401 11111111
824 2333 1049 2400 nonasterium
1077 2333 1296 2413 construitur,
1325 2335 1388 2401 vi:

494 2439 663 2506 secundun
691 2441 836 2524 regulam
858 2456 885 2505 s.
908 2439 1070 2506 Benedicti
1093 2439 1241 2507 instituit
1284 2488 1291 2504 .

465 2602 648 2696 Postquam
675 2604 730 2675 1111
759 2603 801 2674 de
820 2603 930 2676 Roma
956 2605 991 2675 in
1017 2606 1116 2711 istam
1143 2605 1300 2677 veniebat
1315 2553 1378 2695 pro

256 2797 258 2801 ,
387 2737 533 2808 vinciam
562 2757 638 2808 cum
665 2737 770 2808 tribus
786 2738 1024 2811 contribulibus
1049 2737 1127 2829 suia,
1156 2741 1237 2810 tunc
1250 2738 1379 2829 quadra

387 2870 481 2959 ginta
514 2874 548 2940 11
581 2869 678 2942 unius
716 2891 879 2943 annorum
919 2876 1049 2963 aetate,
1085 2871 1158 2962 J’am
1196 2891 1320 2961 gnarus
1360 2893 1391 2943 11

387 3002 607 3094 grandaevus
636 3004 722 3075 sacri
742 3004 957 3097 episcopatus
973 3004 1113 3094 gradum
1134 3006 1277 3096 accepit,
1309 3007 1372 3077 cti

387 3135 479 3226 loco,
508 3135 565 3228 qui
592 3135 712 3210 dicitur
738 3137 915 3229 Eihstaa
945 3139 1182 3211 monasterium
1199 3144 1387 3211 construer

385 3269 572 3361 incipiebat,
602 3277 702 3363 atque
731 3271 803 3343 ocio
831 3270 956 3343 ibidem
989 3293 1118 3344 sacram
1146 3275 1391 3346 monasteriali

383 3403 471 3476 vitae
505 3404 715 3501 disciplinam
747 3405 782 3474 in
817 3426 912 3476 usum
938 3406 1061 3494 prioris
1089 3405 1195 3494 vitae,
1226 3405 1316 3497 quod
1343 3409 1377 3479 vi

382 3536 494 3608 dendo
522 3538 565 3609 ad
593 3536 749 3609 Sanctum
776 3535 1006 3630 Benedictum,
1041 3544 1078 3612 11
1105 3560 1172 3610 non
1200 3539 1306 3610 solum
1334 3542 1381 3615 ibi

380 3670 440 3741 sed
476 3676 510 3741 et
542 3671 576 3740 in
613 3669 686 3741 aliis
719 3669 832 3740 multis
874 3672 1117 3745 monachorum
1154 3673 1389 3765 mansionibus,
