2782 4290
1015 409 1017 413 ’
1054 433 1118 502 aar

110 636 177 707 que
206 614 397 687 civitatibus
424 613 686 706 philistinorum,
717 615 837 688 decem
863 616 969 690 leucis
996 616 1121 690 distans

110 751 154 822 ab
188 748 357 822 Ascalona
392 768 509 821 versus
541 746 702 840 Joppem,
736 770 803 820 nun
836 750 938 840 longe
972 771 993 821 a
1024 748 1118 822 mari.

110 882 297 956 Bersabe
325 885 437 954 autem
464 881 552 954 inter
578 885 736 954 montana
768 888 803 956 et
830 884 1000 956 civitatem
1028 881 1122 955 Gaza

111 1019 267 1091 situatur.
310 1013 421 1088 Geth
449 1015 549 1088 etiam
576 1014 640 1087 fuit
667 1036 736 1087 una
754 1016 797 1088 de
819 1017 1007 1091 civitatibus
1024 1015 1120 1107 quin·

112 1172 179 1246 que
206 1149 467 1242 philistinorum,
500 1169 569 1219 non
596 1148 696 1237 longe
724 1170 744 1221 a
770 1149 891 1241 Lydda
917 1155 952 1224 et
978 1148 1122 1223 Ramula

112 1287 187 1376 sita,
218 1284 261 1357 de
278 1282 376 1375 cujus
391 1282 496 1355 ruinis
513 1281 537 1354 J
542 1281 719 1355 abellum
747 1288 928 1356 castrum
954 1283 1122 1357 ineudem

113 1419 199 1492 colle
228 1420 460 1490 constructum
487 1419 549 1488 est.
606 1415 682 1487 Hoc
711 1416 799 1488 enim
826 1417 989 1508 oppidum
1016 1421 1051 1490 at
1068 1437 1122 1490 ca·

110 1553 247 1627 stallum
261 1551 418 1642 Jabelon⁷
448 1549 539 1642 quod
557 1550 746 1641 antiquitus
762 1550 912 1625 Bersabe
934 1552 1120 1643 dicebatur,

112 1693 147 1761 et
166 1684 725 1774 castellumBlanczgwarde
743 1684 917 1760 aedificata
929 1685 1122 1760 fueruntad

111 1818 337 1894 resistendum
363 1818 501 1892 insultui
528 1818 795 1892 ascalonitarum.
843 1819 897 1893 De
918 1820 1144 1894 Asualuna*

110 1956 175 2029 fuit
194 1973 255 2026 rex
274 1952 441 2044 Herodes,
468 1953 561 2046 cujus
585 1957 739 2045 tempore
769 1958 867 2026 uatus
889 1959 940 2027 est
959 1951 1120 2026 Christus.

111 2089 166 2163 Ab
182 2109 224 2160 ea
237 2107 300 2179 per
311 2088 378 2159 tria
388 2086 545 2158 milliaria
565 2087 669 2160 distat
688 2091 835 2160 castrum
844 2084 1119 2177 Blanazgwarde.

111 2223 134 2296 J
139 2242 244 2316 oppa
270 2225 322 2293 est
348 2241 416 2292 non
444 2221 545 2311 longe
574 2221 617 2294 ab
638 2221 801 2293 Ackaron
826 2222 861 2293 in
884 2220 1000 2294 littore
1021 2219 1123 2292 mam‘s

111 2357 189 2448 sita,
218 2355 275 2429 ubi
296 2354 418 2430 beatus
441 2355 562 2429 Petrus
586 2355 764 2428 Tabitham
786 2355 1008 2430 resuscitavit.
