2782 4290
288 397 351 463 120

286 579 378 667 mini,
408 575 605 668 adjicientes
640 575 703 645 hoe
736 573 778 645 de
807 574 1059 647 circumcisione
1088 575 1179 668 ejus,
1204 533 1298 667 'quae

286 711 375 783 facta
408 715 461 781 est
492 711 527 780 in
559 709 717 799 templo
750 706 915 779 Domini
949 713 1069 780 octavo
1105 708 1177 800 die,
1208 710 1297 800 quod

287 847 372 938 ipsa,
403 842 553 935 quamvis
579 842 614 911 in
642 863 683 914 ea
717 841 827 913 camis
860 840 1015 915 abscissio
1049 841 1296 932 depositionem

290 978 449 1049 vitiorum
475 976 509 1045 in
537 976 703 1048 mentibus
718 975 862 1046 aliorum
880 975 1056 1068 significet,
1075 979 1199 1065 tamen,
1220 976 1297 1066 quia

289 1111 455 1184 advetus
482 1112 722 1182 testamentum
739 1099 896 1205 pertinet,
924 1108 959 1179 in
977 1130 1018 1181 eo
1038 1109 1297 1182 consummatio·

287 1266 364 1316 nem
408 1243 588 1335 accipiens,
630 1242 793 1348 almodo
837 1262 968 1314 semare
1007 1241 1140 1315 debeat.
1206 1241 1299 1316 inter

288 1380 502 1449 sacramenta
529 1376 605 1447 novi
625 1377 818 1448 testamenti
833 1375 1042 1481 circumcisio
1071 1396 1138 1448 non
1165 1396 1298 1469 compu-

290 1515 394 1599 tatur,
427 1530 492 1610 nec
517 1510 667 1599 pertinet
694 1509 739 1582 ad
772 1510 910 1602 aliquod
942 1514 1075 1601 septem
1101 1509 1297 1600 sigillorum

289 1643 381 1715 Sicut
403 1645 475 1736 jam
504 1644 656 1734 diximus,
684 1644 847 1716 Dominus
874 1648 991 1717 noster
1016 1644 1118 1721 Jesus
1145 1642 1298 1722 Christus

288 1783 444 1850 amatre
471 1800 532 1851 sua
558 1779 593 1848 in
621 1778 746 1869 templo
760 1752 1108 1871 est'repraesentatus
1137 1785 1298 1871 receptus

287 1913 329 1984 ab
358 1913 453 2005 ulnis,
470 1913 563 1985 beati
590 1910 755 1984 Simeonis
781 1913 901 2003 spiritu
924 1913 1124 2007 prophetico
1152 1912 1299 1988 infereu-

287 2047 344 2117 tis:
378 2045 485 2118 Naue
512 2044 655 2117 dimittis
682 2067 817 2117 seruum
831 2051 937 2136 tuum,
965 2044 1122 2138 Domine,
1152 2052 1216 2121 etc.
1257 2049 1298 2121 In

287 2181 412 2274 templo
440 2179 602 2251 Dominus
628 2183 747 2250 noster
772 2180 873 2252 iesus
900 2178 1052 2253 Christus
1081 2181 1155 2274 jam
1189 2162 1299 2276 major

285 2313 408 2404 factus,
439 2314 518 2386 dum
545 2317 739 2385 moraretur
752 2312 952 2406 Jerusalem,
982 2314 1086 2388 etiam
1112 2315 1298 2389 duodennis

286 2447 483 2541 disputabat
511 2469 587 2518 cum
610 2447 746 2540 judaeis
775 2455 809 2522 et
824 2447 966 2522 docebat
983 2469 1153 2541 eossaepe
1167 2456 1296 2542 postea,

207 2682 212 2687 ἡ
284 2581 365 2652 lieet
404 2601 481 2651 eum
518 2580 596 2652 odio
639 2581 841 2657 habueruut.
901 2581 940 2653 In
984 2584 1111 2674 templo
1147 2583 1300 2658 laudavit

285 2736 404 2785 munus
436 2714 612 2807 pauperis,
633 2717 738 2806 quod
771 2717 806 2789 in
842 2717 1119 2809 gazophylazium
1145 2718 1296 2810 miserat,

289 2847 367 2939 quia
393 2852 510 2942 totum,
540 2852 630 2943 quod
656 2850 814 2942 habebat,
844 2851 998 2925 dederat.
1054 2851 1164 2943 Super
1183 2854 1298 2943 pinna

285 2983 397 3055 culum
425 2984 552 3078 templi,
582 2985 672 3078 quod
699 2990 878 3076 reputatur
905 3007 1007 3078 supra
1033 2986 1121 3059 latus
1148 2985 1296 3079 ciruitus,

286 3117 412 3190 habens
440 3119 556 3192 subtus
583 3142 619 3193 se
639 3119 815 3212 fenestras,
845 3121 940 3213 quasi
955 3121 1074 3211 pinnas
1089 3119 1145 3192 vel
1172 3122 1295 3213 dunas,

285 3252 414 3324 statuit·
437 3252 556 3325 desum
587 3254 753 3345 diabolus,
797 3258 850 3344 et,
892 3255 995 3328 tertio
1037 3275 1114 3325 eum
1156 3261 1297 3348 propter

283 3385 489 3475 baptismum
511 3393 546 3460 et
568 3388 736 3479 jejunium
763 3391 912 3479 tentans,
941 3387 1037 3461 dixit:
1065 3383 1107 3458 st
1117 3385 1215 3475 fitius
1228 3387 1297 3463 Dei

283 3541 335 3608 es,
384 3520 477 3593 mitte
524 3526 555 3593 te
597 3521 765 3594 deorsum.
827 3521 867 3592 Iu
904 3523 1030 3615 templo
1062 3522 1201 3594 Domini
1233 3522 1294 3605 ΧΙ,

286 3651 418 3728 kalend.
458 3654 624 3735 decentis
661 3656 780 3736 dieitur
815 3657 916 3737 beata
952 3658 1048 3752 uirgo
1076 3654 1200 3755 Maria,
1224 3660 1295 3757 jnm
