2782 4290
1070 381 1113 447 oa

88 539 218 644 pillum
245 553 459 628 Palaestinae
487 559 708 648 maritimum,
743 560 800 631 ubi
829 560 952 632 Petrus
979 561 1113 634 viduam

69 688 289 760 Dorcadcm
318 690 502 781 suscitavit,
531 712 595 780 per
615 693 708 778 littus
729 693 856 764 maris
883 692 1110 787 Adriatici,

78 823 253 894 aelorutm
283 824 372 914 apud
399 824 551 915 Tyrum
580 832 614 899 et
642 826 842 899 Sidonem
869 825 1012 900 Domini
1038 851 1112 913 oes-

94 958 205 1048 tiyiis,
243 958 389 1030 transito
420 956 588 1030 Liluuo
621 965 776 1048 moute,
810 967 992 1051 peragrata
1024 963 1111 1034 Tri·

93 1092 184 1182 poli
226 1089 310 1162 urbe
344 1092 527 1180 maritima,
567 1093 704 1188 visitata
738 1094 861 1163 iterum
894 1093 1107 1186 Damasco,

93 1226 214 1297 oeuit
247 1223 474 1313 Emmaus,
510 1226 622 1297 uicum
655 1224 893 1315 Palaestinae,
929 1248 1027 1318 quem
1053 1250 1109 1300 ro·

91 1360 188 1432 irraui
208 1365 292 1449 post
319 1359 583 1431 destructionem
597 1359 916 1450 Hierosolymorum
935 1381 977 1431 eu
990 1366 1108 1432 euentu

88 1495 254 1566 uictoriae
280 1491 531 1582 Nicopolim
556 1498 770 1565 uocaueruul.
833 1491 902 1566 Uli
921 1498 1108 1585 postquam

90 1631 127 1700 iu
154 1629 256 1709 domo
272 1626 454 1717 Cleoplae,
487 1627 524 1697 iu
552 1600 727 1699 ecelesiam
753 1631 904 1715 mutatu,
933 1649 1018 1716 eum,
1047 1629 1108 1719 qui

90 1785 132 1834 eu
158 1761 332 1851 fractioue
353 1761 461 1851 mauis
488 1762 526 1833 iu
554 1783 595 1832 ea
624 1761 776 1851 occuitus
790 1766 849 1848 est,
879 1760 1039 1832 amram
1056 1761 1107 1832 m’·

90 1894 201 1966 oeulis
238 1914 351 1985 aquae
383 1894 513 1982 foutem
548 1893 770 1982 desiderum,
799 1892 886 1964 aillit
913 1897 944 1963 et
970 1887 1105 1985 sautem,

91 2028 230 2119 qui-est
263 2028 300 2099 iu
334 2027 454 2116 triuio,
490 2049 555 2119 quo
592 2024 751 2098 Clristus
784 2026 916 2115 ecclam,
953 2048 1018 2117 quo
1052 2048 1106 2098 re·

90 2160 254 2248 surremit,
284 2161 341 2232 alie
368 2183 445 2232 cum
472 2159 653 2249 discipules
668 2158 809 2247 duobus,
839 2156 939 2230 Luca
966 2157 1110 2230 elOleo·

83 2295 170 2384 pla,
201 2295 303 2386 quasi
330 2294 378 2366 acl
405 2294 512 2367 ulium
539 2293 775 2365 declimaturus
804 2291 917 2363 uicum
956 2290 1109 2364 ambula·

88 2430 145 2499 uit.
204 2425 277 2498 Est
309 2429 399 2500 cuim
425 2426 669 2519 ilifous,1arl
696 2447 795 2517 quem
825 2421 994 2515 Christus,
1025 2424 1106 2495 olim

89 2562 126 2634 iu
153 2563 257 2634 terris
284 2567 515 2652 conversatus,
545 2584 620 2634 cum
637 2558 819 2654 discipulis
834 2557 962 2630 elicitur
975 2558 1110 2632 uenisse

89 2697 263 2789 pedesque
289 2696 327 2766 iu
354 2718 402 2785 eo,
432 2718 565 2768 emeuso
593 2694 708 2786 aliquo
737 2694 868 2784 itiuere,
899 2692 1042 2781 lauisse,
1080 2697 1112 2764 et

90 2828 169 2900 liuc
197 2827 341 2900 eamdem
368 2851 497 2920 aquam
524 2829 737 2900 diuersorum
758 2826 935 2917 efficacem
962 2824 1110 2896 mellico·

91 2963 223 3034 mimum
257 2985 280 3034 a
313 2960 388 3034 Deo
421 2962 552 3051 factam
586 2963 712 3054 (esse),
748 2967 786 3032 ut
818 2965 938 3055 potata
973 2957 1110 3050 quibus-

92 3095 171 3168 libet
198 3095 420 3186 lauouoribus
447 3096 711 3187 lumpeeuclum,
741 3115 845 3186 quam
863 3092 1035 3164 homiuum
1054 3114 1111 3163 su·

92 3231 175 3302 lutis
201 3229 372 3318 iufuuilal
398 3229 640 3324 praesentium.
707 3321 709 3325 Ι

180 3365 242 3434 14.
279 3363 361 3438 Imle
397 3386 424 3437 s.
460 3363 673 3436 Willibaldus
715 3361 819 3435 tertio
861 3354 1112 3444 Hierosoly·

91 3519 195 3570 mam
229 3498 347 3589 venit,
384 3500 502 3590 ibique
542 3503 651 3570 totam
687 3497 831 3568 hiemem
868 3491 971 3564 stetit.
1038 3486 1110 3558 Nec

94 3635 217 3724 minus,
249 3636 435 3726 peragrata
462 3631 576 3724 Syria,
613 3635 732 3723 quarta
759 3629 832 3700 vice
859 3621 1112 3713 Hierosoly-
