2782 4290
1137 450 1199 516 177

185 633 287 701 sonat
322 628 439 701 ciuitas
474 626 560 699 Hll:
602 627 772 698 kariath
806 629 939 718 civitas,
985 630 1085 702 arba
1119 630 1196 720 llll,

187 783 229 832 eo
265 761 358 852 quod
400 766 547 852 quatuor
582 766 696 851 patres
729 761 777 831 illi
817 763 995 834 reuerendi
1036 764 1070 834 in
1111 784 1199 854 spe-

186 897 312 967 lunca
338 895 510 985 duplice
537 896 572 966 in
592 917 634 967 ea
649 894 775 966 fuerint
788 895 919 986 sepulti,
943 896 1064 987 Adam,
1088 890 1205 969 Abra-¹

186 1030 277 1119 ham,
306 1029 401 1101 Isaac
428 1035 464 1101 et
484 1028 599 1121 Jacob,
629 1035 664 1102 et
687 1050 804 1101 eorum
825 1050 956 1122 uxores,
978 1030 1065 1121 Era,
1089 1038 1202 1103 mater

186 1169 320 1253 nostra,
357 1162 457 1256 Sara,
493 1163 651 1236 Rebecca
684 1169 718 1235 et
750 1163 825 1235 laia.
886 1165 952 1236 Est
987 1171 1099 1238 autem
1131 1165 1202 1239 He·

187 1298 276 1371 bron
307 1297 410 1390 justa
442 1299 595 1371 vallem
628 1296 914 1371 Lacrimarum
956 1300 1030 1371 sita.
1096 1300 1200 1373 Vallis

190 1432 423 1505 Lacrimarum
455 1434 547 1507 dieta
567 1437 620 1504 est
646 1452 703 1524 eo,
727 1434 816 1524 quod
842 1440 973 1506 centum
993 1435 1089 1507 annis
1110 1435 1144 1506 in
1165 1457 1207 1507 ea

195 1566 324 1639 luxerit
350 1566 460 1639 Adam
488 1566 591 1639 filiurn
625 1588 721 1640 suum
748 1552 852 1639 Abel:
880 1568 913 1640 in
943 1590 1024 1661 qua,
1060 1570 1207 1641 monitus

190 1707 311 1793 postea
338 1680 380 1773 ab
407 1701 543 1792 angelo,
579 1703 737 1791 cognorit
764 1724 901 1776 uxorem
929 1725 1038 1794 suam,
1074 1725 1114 1777 ex
1142 1725 1207 1794 qua

192 1834 317 1925 deinde
358 1835 474 1924 genuit
507 1834 610 1907 filiurn
644 1858 739 1907 suurn
775 1836 872 1927 Seth,
914 1838 956 1909 de
993 1839 1089 1929 cujus
1116 1839 1206 1908 tribu

194 1970 349 2041 Christus
378 1975 451 2039 crat
478 1969 647 2042 oriundus.
703 1969 855 2042 Secundo
882 1972 1037 2042 milliario
1066 1970 1108 2041 ab
1136 1970 1208 2040 He·

192 2105 277 2175 bron
307 2102 482 2193 sepultura
508 2101 611 2194 Loth,
640 2105 773 2194 nepotis
789 2105 972 2176 Abraham.
1013 2105 1052 2175 ln
1066 2104 1206 2176 Hebron

193 2238 345 2309 habetur
384 2255 485 2323 ager
526 2236 674 2329 quidam,
719 2239 813 2328 cujus
852 2238 951 2325 gleba
996 2238 1103 2308 rubea
1144 2241 1204 2307 est.

194 2371 291 2443 Haec
325 2370 369 2441 ab
411 2368 528 2441 incolis
569 2370 726 2442 effoditur
766 2377 802 2442 et
846 2371 1035 2442 comeditur
1075 2375 1110 2442 et
1148 2391 1209 2460 per

196 2509 392 2595 Aegyptum
419 2504 547 2575 venalis
574 2509 784 2596 asportatur,
814 2525 899 2594 quae
927 2526 988 2595 pro
1016 2504 1128 2594 specie
1156 2525 1210 2575 ca-

193 2637 327 2710 rissima
361 2636 527 2709 venditur.
596 2637 793 2710 Praedictus
833 2660 930 2735 ager,
972 2640 1006 2710 in
1047 2643 1210 2729 quantum

195 2772 264 2843 late
295 2774 332 2840 et
359 2770 525 2859 profunde
555 2772 693 2845 effossus
722 2778 788 2863 est,
827 2773 862 2842 in
894 2777 1024 2843 tantum
1051 2772 1115 2842 Dei
1144 2771 1210 2842 dis-

194 2903 375 2995 positione,
405 2926 491 2975 anno
519 2903 623 2996 finito,
652 2906 905 2994 redintegratus
930 2905 1109 2995 reperitur.

277 3037 383 3110 Juxta
410 3036 551 3110 Hebron
576 3060 671 3109 mons
691 3038 893 3134 Mambre,
919 3038 962 3110 od
994 3039 1091 3131 cujus
1122 3037 1214 3109 radi-

199 3193 273 3243 cem
309 3171 582 3244 terebinthus
615 3172 688 3263 illa,
733 3193 818 3263 quae
850 3173 940 3263 dirps
975 3177 1134 3260 vocatur,
1178 3169 1212 3240 id

199 3310 267 3396 est,
309 3303 377 3376 ilex
411 3309 471 3376 aut
505 3327 667 3396 quercus,
705 3327 801 3378 secus
837 3327 938 3395 quam
972 3327 1035 3394 per
1071 3303 1214 3373 multum

200 3438 363 3527 temporis
393 3439 516 3510 mansit
550 3437 736 3510 Abraham:
777 3438 839 3510 sub
875 3460 940 3528 qua
973 3443 1044 3507 tres
1077 3432 1214 3522 angelos

204 3570 286 3642 vidit
315 3575 350 3641 et
377 3592 479 3643 unum
497 3572 659 3662 adoravit,
688 3572 903 3661 hospitioque
925 3573 1089 3659 suscepto,
1112 3571 1216 3657 prout

207 3703 337 3792 dignius
376 3705 504 3796 potuit,
546 3704 632 3778 fovit
664 3710 700 3777 et
734 3706 840 3795 pavit.
902 3702 1000 3774 Unde
1037 3706 1074 3774 et
1107 3700 1215 3792 prima

1063 3823 1104 3887 12
