2782 4290
1177 413 1197 476 9

186 606 320 688 gratum
347 606 466 688 postea
481 618 501 668 a
518 598 661 668 Domino
690 595 892 685 petitionum
908 595 1199 685 consequebantur

185 732 355 820 effectum,
398 730 606 822 pristinaque
647 749 754 818 puero
793 733 909 819 postea
950 729 1108 800 restituta
1147 735 1198 801 est

185 865 318 937 sanitas,

185 1225 239 1292 IV.
273 1224 317 1291 Do
340 1222 482 1307 pueritia
505 1221 703 1302 willibald13
727 1220 767 1286 cd
783 1222 1009 1289 monasterinm
1021 1222 1196 1291 Woldhein

624 1327 763 1394 ducitur.

268 1520 419 1611 Cumque
458 1519 589 1591 illuster
626 1520 683 1591 ille
722 1538 808 1610 puer
852 1517 896 1589 ad
937 1521 1198 1610 quinquennium

185 1676 289 1744 usque
316 1653 541 1744 pervenisset,
575 1652 610 1737 in
638 1673 680 1725 eo
705 1652 777 1743 jam
804 1657 885 1723 tunc
913 1653 1095 1744 spiritualis
1121 1674 1199 1742 ger·

184 1787 334 1858 minabat
373 1787 556 1876 sapientiae
609 1785 804 1872 virgultum.
876 1785 995 1873 ltaque
1039 1794 1198 1876 parentes

188 1922 305 1992 votiva
333 1917 578 1990 desideriorum
605 1919 746 2009 implere
765 1920 993 2010 properabant
1020 1922 1194 2011 promissa,

185 2059 289 2143 atque
316 2052 495 2124 illustrium
524 2053 723 2143 quantocius
737 2075 814 2125 oum
840 2054 994 2125 consultu
1008 2055 1194 2125 amicorum

186 2188 435 2276 camaliamqne
485 2188 751 2278 propinquorum
805 2187 943 2257 oonsilio
991 2186 1035 2256 ad
1080 2206 1194 2258 sacrae

187 2320 388 2392 coenobialis
416 2322 508 2392 vitae
522 2320 742 2392 instrumenta
760 2340 965 2410 praeparare
984 2324 1085 2409 atque
1097 2319 1198 2410 perfi-

187 2476 263 2526 cere
303 2453 520 2526 festinabant.
579 2453 834 2544 Confestimque
873 2453 966 2523 illum
1005 2452 1198 2524 venerando
1247 2429 1248 2432 Ἴ

187 2587 448 2677 fidelissimoque
480 2587 553 2659 viro
587 2585 789 2659 Tlieodredo
825 2586 1109 2675 commendabant,
1139 2607 1200 2658 sua

188 2720 400 2810 providentia
436 2743 511 2794 eum
545 2721 588 2792 ad
624 2720 824 2794 coenobium
857 2721 981 2793 ducere
1019 2722 1199 2810 omniaque

188 2852 375 2942 prudenter
408 2855 451 2928 de
488 2876 548 2926 sua
580 2876 681 2928 cansa
719 2854 914 2944 dispensare
952 2853 1198 2944 disponere'que

187 2988 365 3075 rogabant.
419 2985 571 3079 Cumque
598 2989 825 3080 perrexissent
853 2992 889 3058 et
914 2987 1009 3057 illum
1037 2987 1201 3061 ducerent

188 3120 231 3191 ad
257 3121 516 3213 monasterium,
560 3121 650 3212 quod
684 3126 827 3193 vocatur
846 3117 1064 3210 Woldbeioo,
1095 3141 1199 3193 vene-

187 3254 293 3326 rando
307 3254 423 3325 abbati
439 3255 528 3328 illius
555 3255 761 3345 monasterii,
792 3255 850 3344 qui
877 3260 1019 3325 vocatur
1045 3253 1198 3343 Eguald,

187 3387 390 3475 offerebant3
417 3394 470 3460 ast
497 3389 590 3459 illum
617 3409 697 3460 suae
712 3387 916 3459 conditionis
926 3387 1005 3478 jure
1028 3387 1200 3479 juniorem

186 3543 249 3593 seu
277 3521 467 3593 obediendo
495 3521 692 3613 discipulum
719 3543 781 3594 suo
805 3520 1028 3594 subdiderunt
1046 3519 1198 3609 imperio.

185 3645 378 3746 Statimque
404 3655 461 3727 ille
496 3655 600 3737 abbas
626 3656 823 3728 monasterii
841 3654 1025 3733 secundum
1036 3651 1201 3743 regularis
