2782 4290
197 435 261 498 238

196 613 310 701 magni
338 631 459 702 passus
488 612 534 683 ad
548 612 695 703 primum
714 611 859 719 gradum
888 610 1055 682 ecclesiae
1081 604 1207 680 montis

197 741 335 834 Oliveti,
366 763 506 835 quorum
533 746 653 834 viginti
679 753 765 818 sunt.
802 743 878 816 Hoc
898 743 1023 830 addidi,
1047 745 1086 814 ut
1105 742 1207 813 sciam

167 877 407 990 ⁶altitudinem
434 877 611 967 praedicti.
654 879 781 951 Ibidem
806 880 841 949 in
869 877 956 966 pede
984 875 1107 947 montis
1135 873 1206 946 Oli-

198 1011 268 1082 veti
294 1011 355 1083 sub
382 1011 520 1101 rupibus
547 1011 701 1082 habitant
729 1013 839 1083 coloni
867 1017 903 1083 et
928 1015 1093 1102 pastores.

277 1144 409 1216 Deinde
429 1143 644 1246 descenditur
670 1145 712 1214 ad
741 1143 880 1216 fundum
907 1143 1069 1215 torrentis
1098 1143 1207 1215 eundo

198 1299 315 1351 versus
343 1282 494 1349 austrum
520 1298 625 1368 usque
654 1277 696 1348 ad
724 1276 905 1368 fontem,
941 1298 982 1349 ex
1010 1298 1077 1367 quo
1109 1279 1208 1350 beata

198 1411 318 1500 virgo
346 1409 499 1501 Maria,
528 1416 567 1481 ut
588 1412 760 1502 asseritur,
782 1412 940 1484 abluebat
965 1417 1000 1481 et
1024 1409 1205 1482 fasciculas

198 1544 334 1616 Domini
368 1543 505 1614 infantis
536 1544 629 1617 lavit.
698 1545 795 1617 Idem
826 1544 901 1615 lons
935 1542 1055 1614 dividit
1088 1544 1208 1616 vallem

198 1676 364 1768 iosaphat
400 1697 421 1748 a
455 1678 542 1749 valle
577 1677 678 1750 Silue.
736 1679 817 1750 Post
851 1679 918 1752 hoc
952 1699 1016 1767 per
1043 1678 1209 1749 ducentos

197 1813 233 1883 lv
259 1833 377 1901 passus
405 1831 521 1883 versus
549 1817 710 1904 austrum,
727 1814 773 1882 in
794 1813 881 1903 pede
900 1813 1025 1884 montis
1041 1811 1131 1903 Sion,
1162 1817 1212 1883 est

200 1946 294 2017 fons
321 1943 449 2036 Silue,
479 1948 521 2020 de
543 1968 608 2038 quo
630 1947 835 2036 colliguntur
854 1966 963 2037 aquae
990 1947 1024 2017 in
1051 1948 1211 2037 piscinam

203 2078 407 2170 inferiorem,
430 2100 516 2170 quae
544 2081 764 2152 natatoria
792 2079 925 2170 Silue,
953 2080 989 2150 id
1010 2083 1064 2153 est
1081 2081 1211 2169 missus

54 2233 63 2251 ·
204 2212 342 2303 dieitur,
378 2220 416 2284 ut
442 2213 614 2287 lohannes
647 2222 763 2286 narrat
797 2215 840 2287 de
876 2233 977 2285 coeco
1011 2220 1102 2284 nato.
1159 2213 1212 2285 Ab

205 2346 327 2419 eodem
352 2351 466 2418 monte
501 2347 544 2418 ad
567 2348 651 2420 duos
679 2348 790 2440 jactus
822 2348 943 2438 lapidis
969 2347 1107 2420 videtur
1135 2368 1214 2418 eon-

52 2441 72 2526 Ι·
205 2480 316 2567 geries
349 2479 513 2570 lepidum,
549 2481 607 2552 ubi
639 2471 867 2554 'tumulatus
900 2481 963 2553 luit
994 2480 1144 2569 lsaias,
1180 2484 1214 2551 et

205 2611 331 2684 ibidem
356 2613 565 2685 interemtus.
621 2614 754 2686 Deinde
781 2613 970 2687 ascenditur
1001 2614 1089 2685 altus
1120 2634 1214 2685 mons

206 2765 323 2816 versus
362 2751 532 2839 austrum,
577 2750 612 2820 in
649 2750 743 2842 cujus
784 2749 890 2820 latere
936 2747 1094 2818 multae
1138 2744 1215 2819 sunt

209 2897 415 2959 cavernae
442 2887 477 2953 et
503 2882 691 2973 speluncae,
720 2882 886 2973 inquibus
914 2880 1103 2972 apostoli
1131 2886 1215 2951 tem·

206 3031 291 3102 pore
316 3014 478 3104 passionis
505 3013 629 3088 Christi
663 3035 699 3087 se
726 3015 995 3089 absconderunt:
1033 3013 1069 3085 in
1097 3015 1215 3104 quibus

209 3149 329 3235 postea
354 3148 516 3219 eremitae
544 3148 713 3219 christiani
740 3148 947 3221 habitabant.
1006 3147 1061 3226 Ab
1090 3148 1215 3220 eisdem

209 3280 361 3352 cavernis
389 3279 490 3352 altius
516 3301 579 3372 per
598 3281 739 3370 triginta
766 3302 884 3380 passus
913 3285 964 3353 est
984 3300 1067 3369 ager
1087 3287 1215 3371 emptus

209 3412 349 3501 triginta
366 3414 544 3504 argenteis,
571 3412 885 3488 Acheldemach
913 3417 1062 3505 vocatus,
1092 3416 1216 3487 habens

209 3565 330 3619 novem
356 3544 533 3637 foramina,
563 3547 624 3640 (in)
652 3569 739 3639 quae
766 3548 884 3619 funera
911 3547 1145 3621 immittuntur.

289 3679 381 3750 lutra
407 3681 613 3751 natatoriam
641 3680 731 3752 Siloe
758 3685 795 3752 et
810 3680 1060 3791 Acheldemach
1080 3688 1131 3755 est
1145 3681 1211 3752 Oe-
