<?xml version="1.0" encoding="UTF-8"?>
<!DOCTYPE html PUBLIC "-//W3C//DTD XHTML 1.0 Transitional//EN"
    "http://www.w3.org/TR/xhtml1/DTD/xhtml1-transitional.dtd">
<html xmlns="http://www.w3.org/1999/xhtml" xml:lang="en" lang="en">
 <head>
  <title>
</title>
<meta http-equiv="Content-Type" content="text/html;charset=utf-8" />
  <meta name='ocr-system' content='tesseract 3.04.00' />
  <meta name='ocr-capabilities' content='ocr_page ocr_carea ocr_par ocr_line ocrx_word'/>
</head>
<body>
  <div class='ocr_page' id='page_1' title='image "./descriptioneste01toblgoog_0035.png"; bbox 0 0 2782 4290; ppageno 0'>
   <div class='ocr_carea' id='block_1_1' title="bbox 286 433 329 497">
    <p class='ocr_par' dir='ltr' id='par_1_1' title="bbox 286 433 329 497">
     <span class='ocr_line' id='line_1_1' title="bbox 286 433 329 497; baseline 0 0"><span class='ocrx_word' id='word_1_1' title='bbox 286 433 329 497; x_wconf 83' lang='lat'>28</span> 
     </span>
    </p>
   </div>
   <div class='ocr_carea' id='block_1_2' title="bbox 282 610 1379 2547">
    <p class='ocr_par' dir='ltr' id='par_1_2' title="bbox 282 610 1379 2547">
     <span class='ocr_line' id='line_1_2' title="bbox 286 610 1297 701; baseline 0 -19"><span class='ocrx_word' id='word_1_2' title='bbox 286 611 526 701; x_wconf 85' lang='lat' dir='ltr'><strong>Baptistae,</strong></span> <span class='ocrx_word' id='word_1_3' title='bbox 546 616 582 682; x_wconf 89' lang='lat' dir='ltr'>et</span> <span class='ocrx_word' id='word_1_4' title='bbox 595 611 641 681; x_wconf 92' lang='lat' dir='ltr'>ibi</span> <span class='ocrx_word' id='word_1_5' title='bbox 655 615 753 682; x_wconf 89' lang='lat' dir='ltr'>erant</span> <span class='ocrx_word' id='word_1_6' title='bbox 773 610 846 681; x_wconf 87' lang='lat' dir='ltr'>iere</span> <span class='ocrx_word' id='word_1_7' title='bbox 862 611 977 698; x_wconf 81' lang='lat' dir='ltr'>viginti</span> <span class='ocrx_word' id='word_1_8' title='bbox 992 611 1156 682; x_wconf 84' lang='lat' dir='ltr'>monaelrl.</span> <span class='ocrx_word' id='word_1_9' title='bbox 1187 611 1297 683; x_wconf 89' lang='lat' dir='ltr'>Unam</span> 
     </span>
     <span class='ocr_line' id='line_1_3' title="bbox 286 742 1297 835; baseline 0.001 -20"><span class='ocrx_word' id='word_1_10' title='bbox 286 748 421 815; x_wconf 86' lang='lat' dir='ltr'>noctem</span> <span class='ocrx_word' id='word_1_11' title='bbox 446 743 494 814; x_wconf 90' lang='lat' dir='ltr'>ibi</span> <span class='ocrx_word' id='word_1_12' title='bbox 520 744 712 815; x_wconf 90' lang='lat' dir='ltr'>manebant.</span> <span class='ocrx_word' id='word_1_13' title='bbox 759 742 809 813; x_wconf 87' lang='lat' dir='ltr'>Et</span> <span class='ocrx_word' id='word_1_14' title='bbox 836 742 913 813; x_wconf 90' lang='lat' dir='ltr'>inde</span> <span class='ocrx_word' id='word_1_15' title='bbox 942 742 1038 813; x_wconf 86' lang='lat' dir='ltr'>ibant</span> <span class='ocrx_word' id='word_1_16' title='bbox 1064 766 1167 835; x_wconf 89' lang='lat' dir='ltr'>super</span> <span class='ocrx_word' id='word_1_17' title='bbox 1194 767 1297 818; x_wconf 92' lang='lat' dir='ltr'>unum</span> 
     </span>
     <span class='ocr_line' id='line_1_4' title="bbox 285 875 1297 969; baseline 0.001 -22"><span class='ocrx_word' id='word_1_18' title='bbox 285 876 426 947; x_wconf 85' lang='lat' dir='ltr'>milliare</span> <span class='ocrx_word' id='word_1_19' title='bbox 454 875 498 946; x_wconf 90' lang='lat' dir='ltr'>ad</span> <span class='ocrx_word' id='word_1_20' title='bbox 524 875 547 947; x_wconf 86' lang='lat' dir='ltr'>J</span> <span class='ocrx_word' id='word_1_21' title='bbox 553 876 760 966; x_wconf 85' lang='lat' dir='ltr'>ordanem,</span> <span class='ocrx_word' id='word_1_22' title='bbox 790 877 847 948; x_wconf 91' lang='lat' dir='ltr'>ubi</span> <span class='ocrx_word' id='word_1_23' title='bbox 866 876 1027 948; x_wconf 83' lang='lat' dir='ltr'>Dominus</span> <span class='ocrx_word' id='word_1_24' title='bbox 1055 876 1157 950; x_wconf 86' lang='lat' dir='ltr'>fuerit</span> <span class='ocrx_word' id='word_1_25' title='bbox 1186 879 1297 969; x_wconf 84' lang='lat' dir='ltr'>bapti-</span> 
     </span>
     <span class='ocr_line' id='line_1_5' title="bbox 286 1008 1297 1101; baseline 0.003 -21"><span class='ocrx_word' id='word_1_26' title='bbox 286 1015 391 1081; x_wconf 83' lang='lat' dir='ltr'>zatus.</span> <span class='ocrx_word' id='word_1_27' title='bbox 446 1008 495 1080; x_wconf 95' lang='lat' dir='ltr'>lbi</span> <span class='ocrx_word' id='word_1_28' title='bbox 524 1012 576 1080; x_wconf 90' lang='lat' dir='ltr'>est</span> <span class='ocrx_word' id='word_1_29' title='bbox 603 1029 690 1079; x_wconf 86' lang='lat' dir='ltr'>nune</span> <span class='ocrx_word' id='word_1_30' title='bbox 723 1008 863 1080; x_wconf 86' lang='lat' dir='ltr'>ecclesia</span> <span class='ocrx_word' id='word_1_31' title='bbox 898 1009 931 1079; x_wconf 92' lang='lat' dir='ltr'>in</span> <span class='ocrx_word' id='word_1_32' title='bbox 966 1010 1124 1082; x_wconf 86' lang='lat' dir='ltr'>columnis</span> <span class='ocrx_word' id='word_1_33' title='bbox 1156 1011 1297 1101; x_wconf 83' lang='lat' dir='ltr'>lapideis</span> 
     </span>
     <span class='ocr_line' id='line_1_6' title="bbox 285 1142 1297 1231; baseline 0 -16"><span class='ocrx_word' id='word_1_34' title='bbox 285 1165 415 1215; x_wconf 90' lang='lat' dir='ltr'>sursum</span> <span class='ocrx_word' id='word_1_35' title='bbox 445 1143 586 1231; x_wconf 87' lang='lat' dir='ltr'>elevata,</span> <span class='ocrx_word' id='word_1_36' title='bbox 618 1147 653 1213; x_wconf 89' lang='lat' dir='ltr'>et</span> <span class='ocrx_word' id='word_1_37' title='bbox 679 1142 797 1213; x_wconf 86' lang='lat' dir='ltr'><strong>subtus</strong></span> <span class='ocrx_word' id='word_1_38' title='bbox 825 1142 1004 1214; x_wconf 84' lang='lat' dir='ltr'>ecclesiam</span> <span class='ocrx_word' id='word_1_39' title='bbox 1032 1147 1085 1215; x_wconf 92' lang='lat' dir='ltr'>est</span> <span class='ocrx_word' id='word_1_40' title='bbox 1099 1165 1188 1215; x_wconf 88' lang='lat' dir='ltr'>nune</span> <span class='ocrx_word' id='word_1_41' title='bbox 1203 1145 1297 1216; x_wconf 90' lang='lat' dir='ltr'>arida</span> 
     </span>
     <span class='ocr_line' id='line_1_7' title="bbox 284 1274 1291 1367; baseline -0.001 -19"><span class='ocrx_word' id='word_1_42' title='bbox 284 1283 395 1365; x_wconf 89' lang='lat' dir='ltr'>terra,</span> <span class='ocrx_word' id='word_1_43' title='bbox 433 1276 489 1347; x_wconf 91' lang='lat' dir='ltr'>ubi</span> <span class='ocrx_word' id='word_1_44' title='bbox 526 1275 690 1347; x_wconf 86' lang='lat' dir='ltr'>Dominus</span> <span class='ocrx_word' id='word_1_45' title='bbox 728 1274 791 1346; x_wconf 89' lang='lat' dir='ltr'>fult</span> <span class='ocrx_word' id='word_1_46' title='bbox 823 1275 1010 1364; x_wconf 87' lang='lat' dir='ltr'>baptizatus</span> <span class='ocrx_word' id='word_1_47' title='bbox 1037 1277 1071 1346; x_wconf 94' lang='lat' dir='ltr'>in</span> <span class='ocrx_word' id='word_1_48' title='bbox 1098 1276 1172 1367; x_wconf 91' lang='lat' dir='ltr'>ipso</span> <span class='ocrx_word' id='word_1_49' title='bbox 1199 1277 1291 1349; x_wconf 90' lang='lat' dir='ltr'>loco.</span> 
     </span>
     <span class='ocr_line' id='line_1_8' title="bbox 285 1408 1295 1498; baseline -0.001 -17"><span class='ocrx_word' id='word_1_50' title='bbox 285 1409 332 1481; x_wconf 88' lang='lat' dir='ltr'>Et</span> <span class='ocrx_word' id='word_1_51' title='bbox 368 1409 426 1480; x_wconf 89' lang='lat' dir='ltr'>ubi</span> <span class='ocrx_word' id='word_1_52' title='bbox 462 1430 550 1480; x_wconf 86' lang='lat' dir='ltr'>nune</span> <span class='ocrx_word' id='word_1_53' title='bbox 583 1408 776 1497; x_wconf 88' lang='lat' dir='ltr'>baptizant,</span> <span class='ocrx_word' id='word_1_54' title='bbox 819 1408 865 1480; x_wconf 94' lang='lat' dir='ltr'>ibi</span> <span class='ocrx_word' id='word_1_55' title='bbox 906 1413 975 1480; x_wconf 90' lang='lat' dir='ltr'>stat</span> <span class='ocrx_word' id='word_1_56' title='bbox 1009 1430 1089 1480; x_wconf 86' lang='lat' dir='ltr'>crux</span> <span class='ocrx_word' id='word_1_57' title='bbox 1122 1410 1235 1498; x_wconf 81' lang='lat' dir='ltr'>lignea</span> <span class='ocrx_word' id='word_1_58' title='bbox 1261 1411 1295 1481; x_wconf 93' lang='lat' dir='ltr'>in</span> 
     </span>
     <span class='ocr_line' id='line_1_9' title="bbox 282 1541 1296 1632; baseline 0.003 -20"><span class='ocrx_word' id='word_1_59' title='bbox 282 1542 405 1632; x_wconf 89' lang='lat' dir='ltr'>medio,</span> <span class='ocrx_word' id='word_1_60' title='bbox 436 1546 470 1614; x_wconf 90' lang='lat' dir='ltr'>et</span> <span class='ocrx_word' id='word_1_61' title='bbox 496 1563 603 1632; x_wconf 85' lang='lat' dir='ltr'>parva</span> <span class='ocrx_word' id='word_1_62' title='bbox 631 1541 793 1613; x_wconf 89' lang='lat' dir='ltr'>derivatio</span> <span class='ocrx_word' id='word_1_63' title='bbox 821 1562 928 1631; x_wconf 88' lang='lat' dir='ltr'>aquae</span> <span class='ocrx_word' id='word_1_64' title='bbox 956 1546 1023 1614; x_wconf 90' lang='lat' dir='ltr'>stat</span> <span class='ocrx_word' id='word_1_65' title='bbox 1042 1542 1122 1631; x_wconf 85' lang='lat' dir='ltr'>illie,</span> <span class='ocrx_word' id='word_1_66' title='bbox 1154 1547 1190 1614; x_wconf 92' lang='lat' dir='ltr'>et</span> <span class='ocrx_word' id='word_1_67' title='bbox 1211 1564 1296 1615; x_wconf 93' lang='lat' dir='ltr'>unus</span> 
     </span>
     <span class='ocr_line' id='line_1_10' title="bbox 283 1674 1379 1767; baseline -0.007 -20"><span class='ocrx_word' id='word_1_68' title='bbox 283 1675 459 1765; x_wconf 86' lang='lat' dir='ltr'>funiculus,</span> <span class='ocrx_word' id='word_1_69' title='bbox 490 1680 646 1746; x_wconf 85' lang='lat' dir='ltr'>extensus</span> <span class='ocrx_word' id='word_1_70' title='bbox 680 1694 782 1762; x_wconf 89' lang='lat' dir='ltr'>supra</span> <span class='ocrx_word' id='word_1_71' title='bbox 808 1674 992 1746; x_wconf 84' lang='lat' dir='ltr'>Jordanem</span> <span class='ocrx_word' id='word_1_72' title='bbox 1030 1676 1109 1746; x_wconf 89' lang='lat' dir='ltr'>binc</span> <span class='ocrx_word' id='word_1_73' title='bbox 1145 1675 1294 1767; x_wconf 78' lang='lat' dir='ltr'>atinde,</span> <span class='ocrx_word' id='word_1_74' title='bbox 1376 1735 1379 1739; x_wconf 78' lang='grc'>,</span> 
     </span>
     <span class='ocr_line' id='line_1_11' title="bbox 283 1807 1294 1899; baseline 0 -19"><span class='ocrx_word' id='word_1_75' title='bbox 283 1808 443 1880; x_wconf 89' lang='lat' dir='ltr'>firmatur.</span> <span class='ocrx_word' id='word_1_76' title='bbox 501 1808 594 1880; x_wconf 88' lang='lat' dir='ltr'>Tunc</span> <span class='ocrx_word' id='word_1_77' title='bbox 630 1807 663 1878; x_wconf 94' lang='lat' dir='ltr'>in</span> <span class='ocrx_word' id='word_1_78' title='bbox 692 1808 907 1881; x_wconf 85' lang='lat' dir='ltr'>solemnitate</span> <span class='ocrx_word' id='word_1_79' title='bbox 943 1807 1143 1899; x_wconf 85' lang='lat' dir='ltr'>epiphaniae</span> <span class='ocrx_word' id='word_1_80' title='bbox 1171 1808 1294 1881; x_wconf 89' lang='lat' dir='ltr'>infirmi</span> 
     </span>
     <span class='ocr_line' id='line_1_12' title="bbox 284 1940 1294 2032; baseline -0.001 -17"><span class='ocrx_word' id='word_1_81' title='bbox 284 1949 319 2015; x_wconf 90' lang='lat' dir='ltr'>et</span> <span class='ocrx_word' id='word_1_82' title='bbox 344 1941 476 2030; x_wconf 81' lang='lat' dir='ltr'>aegroti</span> <span class='ocrx_word' id='word_1_83' title='bbox 502 1940 678 2014; x_wconf 89' lang='lat' dir='ltr'>venientes</span> <span class='ocrx_word' id='word_1_84' title='bbox 712 1941 836 2013; x_wconf 91' lang='lat' dir='ltr'>habeut</span> <span class='ocrx_word' id='word_1_85' title='bbox 863 1963 899 2013; x_wconf 88' lang='lat' dir='ltr'>se</span> <span class='ocrx_word' id='word_1_86' title='bbox 925 1942 968 2013; x_wconf 94' lang='lat' dir='ltr'>de</span> <span class='ocrx_word' id='word_1_87' title='bbox 993 1941 1151 2032; x_wconf 85' lang='lat' dir='ltr'>funiculo,</span> <span class='ocrx_word' id='word_1_88' title='bbox 1181 1946 1217 2012; x_wconf 87' lang='lat' dir='ltr'>et</span> <span class='ocrx_word' id='word_1_89' title='bbox 1245 1944 1294 2014; x_wconf 86' lang='lat' dir='ltr'>sle</span> 
     </span>
     <span class='ocr_line' id='line_1_13' title="bbox 283 2073 1294 2167; baseline 0.001 -20"><span class='ocrx_word' id='word_1_90' title='bbox 283 2076 525 2163; x_wconf 83' lang='lat' dir='ltr'>demerguntur</span> <span class='ocrx_word' id='word_1_91' title='bbox 563 2075 598 2145; x_wconf 93' lang='lat' dir='ltr'>in</span> <span class='ocrx_word' id='word_1_92' title='bbox 631 2096 762 2167; x_wconf 90' lang='lat' dir='ltr'>aquam.</span> <span class='ocrx_word' id='word_1_93' title='bbox 827 2073 894 2146; x_wconf 85' lang='lat' dir='ltr'>Sed</span> <span class='ocrx_word' id='word_1_94' title='bbox 929 2080 964 2145; x_wconf 91' lang='lat' dir='ltr'>et</span> <span class='ocrx_word' id='word_1_95' title='bbox 995 2074 1171 2166; x_wconf 86' lang='lat' dir='ltr'>mulieres,</span> <span class='ocrx_word' id='word_1_96' title='bbox 1207 2097 1294 2167; x_wconf 88' lang='lat' dir='ltr'>quae</span> 
     </span>
     <span class='ocr_line' id='line_1_14' title="bbox 282 2207 1293 2298; baseline -0.001 -17"><span class='ocrx_word' id='word_1_97' title='bbox 282 2213 361 2281; x_wconf 89' lang='lat' dir='ltr'>sunt</span> <span class='ocrx_word' id='word_1_98' title='bbox 388 2208 530 2297; x_wconf 91' lang='lat' dir='ltr'>steriles,</span> <span class='ocrx_word' id='word_1_99' title='bbox 559 2209 734 2281; x_wconf 90' lang='lat' dir='ltr'>venientes</span> <span class='ocrx_word' id='word_1_100' title='bbox 761 2210 807 2281; x_wconf 90' lang='lat' dir='ltr'>ibi</span> <span class='ocrx_word' id='word_1_101' title='bbox 835 2208 978 2298; x_wconf 82' lang='lat' dir='ltr'>gratiam</span> <span class='ocrx_word' id='word_1_102' title='bbox 998 2207 1132 2279; x_wconf 92' lang='lat' dir='ltr'>Domini</span> <span class='ocrx_word' id='word_1_103' title='bbox 1158 2230 1293 2281; x_wconf 90' lang='lat' dir='ltr'>meren-</span> 
     </span>
     <span class='ocr_line' id='line_1_15' title="bbox 282 2338 1294 2432; baseline 0.001 -18"><span class='ocrx_word' id='word_1_104' title='bbox 282 2348 348 2414; x_wconf 91' lang='lat' dir='ltr'>tur.</span> <span class='ocrx_word' id='word_1_105' title='bbox 390 2338 578 2432; x_wconf 82' lang='lat' dir='ltr'>Episcopus</span> <span class='ocrx_word' id='word_1_106' title='bbox 604 2348 719 2415; x_wconf 91' lang='lat' dir='ltr'>noster</span> <span class='ocrx_word' id='word_1_107' title='bbox 745 2342 959 2414; x_wconf 91' lang='lat' dir='ltr'>Willibaldus</span> <span class='ocrx_word' id='word_1_108' title='bbox 986 2341 1156 2413; x_wconf 87' lang='lat' dir='ltr'>balneavit</span> <span class='ocrx_word' id='word_1_109' title='bbox 1183 2365 1219 2415; x_wconf 89' lang='lat' dir='ltr'>se</span> <span class='ocrx_word' id='word_1_110' title='bbox 1248 2343 1294 2415; x_wconf 90' lang='lat' dir='ltr'>ibi</span> 
     </span>
     <span class='ocr_line' id='line_1_16' title="bbox 282 2473 1040 2547; baseline -0.001 -1"><span class='ocrx_word' id='word_1_111' title='bbox 282 2473 504 2546; x_wconf 88' lang='lat' dir='ltr'>inJordane.</span> <span class='ocrx_word' id='word_1_112' title='bbox 562 2473 673 2547; x_wconf 92' lang='lat' dir='ltr'>Unum</span> <span class='ocrx_word' id='word_1_113' title='bbox 701 2475 789 2547; x_wconf 90' lang='lat' dir='ltr'>diem</span> <span class='ocrx_word' id='word_1_114' title='bbox 816 2475 957 2547; x_wconf 85' lang='lat' dir='ltr'>fuerunt</span> <span class='ocrx_word' id='word_1_115' title='bbox 984 2475 1040 2546; x_wconf 91' lang='lat' dir='ltr'>ibi.</span> 
     </span>
    </p>
   </div>
   <div class='ocr_carea' id='block_1_3' title="bbox 311 2750 1262 2874">
    <p class='ocr_par' dir='ltr' id='par_1_3' title="bbox 311 2750 1262 2874">
     <span class='ocr_line' id='line_1_17' title="bbox 311 2750 1262 2874; baseline 0.003 -21"><span class='ocrx_word' id='word_1_116' title='bbox 311 2750 410 2854; x_wconf 80' lang='lat' dir='ltr'>XVII.</span> <span class='ocrx_word' id='word_1_117' title='bbox 447 2786 595 2872; x_wconf 77' lang='lat' dir='ltr'>delgoto,</span> <span class='ocrx_word' id='word_1_118' title='bbox 617 2787 760 2869; x_wconf 84' lang='lat' dir='ltr'>Joriobo,</span> <span class='ocrx_word' id='word_1_119' title='bbox 785 2791 1012 2858; x_wconf 87' lang='lat' dir='ltr'>monasterium</span> <span class='ocrx_word' id='word_1_120' title='bbox 1035 2809 1060 2857; x_wconf 91' lang='lat' dir='ltr'>s.</span> <span class='ocrx_word' id='word_1_121' title='bbox 1084 2789 1262 2874; x_wconf 81' lang='lat' dir='ltr'>Enthymii.</span> 
     </span>
    </p>
   </div>
   <div class='ocr_carea' id='block_1_4' title="bbox 275 3004 1297 3765">
    <p class='ocr_par' dir='ltr' id='par_1_4' title="bbox 275 3004 1297 3765">
     <span class='ocr_line' id='line_1_18' title="bbox 362 3004 1297 3096; baseline 0.009 -21"><span class='ocrx_word' id='word_1_122' title='bbox 362 3004 412 3075; x_wconf 89' lang='lat' dir='ltr'>Et</span> <span class='ocrx_word' id='word_1_123' title='bbox 437 3007 626 3096; x_wconf 82' lang='lat' dir='ltr'>pergebant</span> <span class='ocrx_word' id='word_1_124' title='bbox 653 3007 731 3079; x_wconf 90' lang='lat' dir='ltr'>inde</span> <span class='ocrx_word' id='word_1_125' title='bbox 759 3013 836 3080; x_wconf 89' lang='lat' dir='ltr'>tune</span> <span class='ocrx_word' id='word_1_126' title='bbox 864 3013 900 3081; x_wconf 91' lang='lat' dir='ltr'>et</span> <span class='ocrx_word' id='word_1_127' title='bbox 923 3009 1104 3081; x_wconf 88' lang='lat' dir='ltr'>veniebant</span> <span class='ocrx_word' id='word_1_128' title='bbox 1130 3010 1174 3081; x_wconf 91' lang='lat' dir='ltr'>ad</span> <span class='ocrx_word' id='word_1_129' title='bbox 1202 3008 1297 3083; x_wconf 87' lang='lat' dir='ltr'>Gal·</span> 
     </span>
     <span class='ocr_line' id='line_1_19' title="bbox 280 3138 1296 3232; baseline 0.006 -22"><span class='ocrx_word' id='word_1_130' title='bbox 280 3138 390 3228; x_wconf 82' lang='lat' dir='ltr'>gala.</span> <span class='ocrx_word' id='word_1_131' title='bbox 429 3139 479 3210; x_wconf 93' lang='lat' dir='ltr'>lbi</span> <span class='ocrx_word' id='word_1_132' title='bbox 506 3145 586 3211; x_wconf 91' lang='lat' dir='ltr'>sunt</span> <span class='ocrx_word' id='word_1_133' title='bbox 613 3140 702 3212; x_wconf 92' lang='lat' dir='ltr'>inter</span> <span class='ocrx_word' id='word_1_134' title='bbox 716 3142 863 3232; x_wconf 89' lang='lat' dir='ltr'>quinque</span> <span class='ocrx_word' id='word_1_135' title='bbox 875 3142 1040 3232; x_wconf 88' lang='lat' dir='ltr'>milliaria,</span> <span class='ocrx_word' id='word_1_136' title='bbox 1071 3148 1106 3213; x_wconf 91' lang='lat' dir='ltr'>et</span> <span class='ocrx_word' id='word_1_137' title='bbox 1120 3143 1296 3217; x_wconf 84' lang='lat' dir='ltr'>duodecim</span> 
     </span>
     <span class='ocr_line' id='line_1_20' title="bbox 279 3271 1296 3365; baseline 0.006 -24"><span class='ocrx_word' id='word_1_138' title='bbox 279 3271 408 3363; x_wconf 90' lang='lat' dir='ltr'>lapides</span> <span class='ocrx_word' id='word_1_139' title='bbox 445 3273 512 3346; x_wconf 87' lang='lat' dir='ltr'>illio</span> <span class='ocrx_word' id='word_1_140' title='bbox 553 3278 631 3344; x_wconf 93' lang='lat' dir='ltr'>sunt</span> <span class='ocrx_word' id='word_1_141' title='bbox 665 3274 699 3345; x_wconf 93' lang='lat' dir='ltr'>in</span> <span class='ocrx_word' id='word_1_142' title='bbox 741 3275 890 3347; x_wconf 86' lang='lat' dir='ltr'>ecclesia.</span> <span class='ocrx_word' id='word_1_143' title='bbox 948 3275 1009 3346; x_wconf 88' lang='lat' dir='ltr'>llla</span> <span class='ocrx_word' id='word_1_144' title='bbox 1042 3281 1095 3348; x_wconf 90' lang='lat' dir='ltr'>est</span> <span class='ocrx_word' id='word_1_145' title='bbox 1120 3276 1232 3365; x_wconf 87' lang='lat' dir='ltr'>lignea</span> <span class='ocrx_word' id='word_1_146' title='bbox 1260 3281 1296 3347; x_wconf 88' lang='lat' dir='ltr'>et</span> 
     </span>
     <span class='ocr_line' id='line_1_21' title="bbox 280 3405 1296 3499; baseline 0.005 -22"><span class='ocrx_word' id='word_1_147' title='bbox 280 3427 347 3477; x_wconf 92' lang='lat' dir='ltr'>non</span> <span class='ocrx_word' id='word_1_148' title='bbox 374 3426 505 3496; x_wconf 84' lang='lat' dir='ltr'>magna.</span> <span class='ocrx_word' id='word_1_149' title='bbox 551 3405 623 3477; x_wconf 84' lang='lat' dir='ltr'>Illic</span> <span class='ocrx_word' id='word_1_150' title='bbox 649 3408 726 3478; x_wconf 90' lang='lat' dir='ltr'>sunt</span> <span class='ocrx_word' id='word_1_151' title='bbox 754 3406 927 3479; x_wconf 83' lang='lat' dir='ltr'>duodecim</span> <span class='ocrx_word' id='word_1_152' title='bbox 940 3408 1081 3499; x_wconf 89' lang='lat' dir='ltr'>lapides,</span> <span class='ocrx_word' id='word_1_153' title='bbox 1112 3429 1194 3499; x_wconf 91' lang='lat' dir='ltr'>quos</span> <span class='ocrx_word' id='word_1_154' title='bbox 1208 3411 1296 3482; x_wconf 91' lang='lat' dir='ltr'>tule-</span> 
     </span>
     <span class='ocr_line' id='line_1_22' title="bbox 279 3526 1296 3632; baseline 0.004 -23"><span class='ocrx_word' id='word_1_155' title='bbox 279 3543 358 3612; x_wconf 91' lang='lat' dir='ltr'>runt</span> <span class='ocrx_word' id='word_1_156' title='bbox 383 3539 444 3611; x_wconf 87' lang='lat' dir='ltr'>filii</span> <span class='ocrx_word' id='word_1_157' title='bbox 457 3526 561 3612; x_wconf 86' lang='lat' dir='ltr'>Israel</span> <span class='ocrx_word' id='word_1_158' title='bbox 589 3540 631 3611; x_wconf 93' lang='lat' dir='ltr'>de</span> <span class='ocrx_word' id='word_1_159' title='bbox 647 3538 808 3630; x_wconf 73' lang='lat' dir='ltr'>iordane,</span> <span class='ocrx_word' id='word_1_160' title='bbox 838 3545 872 3613; x_wconf 88' lang='lat' dir='ltr'>et</span> <span class='ocrx_word' id='word_1_161' title='bbox 898 3545 1124 3632; x_wconf 90' lang='lat' dir='ltr'>portaverunt</span> <span class='ocrx_word' id='word_1_162' title='bbox 1151 3542 1195 3613; x_wconf 89' lang='lat' dir='ltr'>ad</span> <span class='ocrx_word' id='word_1_163' title='bbox 1215 3542 1296 3616; x_wconf 87' lang='lat' dir='ltr'>Gal-</span> 
     </span>
     <span class='ocr_line' id='line_1_23' title="bbox 275 3671 1284 3765; baseline 0.005 -21"><span class='ocrx_word' id='word_1_164' title='bbox 275 3672 353 3760; x_wconf 80' lang='lat' dir='ltr'>gala</span> <span class='ocrx_word' id='word_1_165' title='bbox 377 3691 480 3763; x_wconf 89' lang='lat' dir='ltr'>super</span> <span class='ocrx_word' id='word_1_166' title='bbox 505 3671 650 3764; x_wconf 87' lang='lat' dir='ltr'>quinque</span> <span class='ocrx_word' id='word_1_167' title='bbox 675 3672 833 3746; x_wconf 86' lang='lat' dir='ltr'>milliaria</span> <span class='ocrx_word' id='word_1_168' title='bbox 860 3677 896 3745; x_wconf 90' lang='lat' dir='ltr'>et</span> <span class='ocrx_word' id='word_1_169' title='bbox 910 3678 1096 3765; x_wconf 87' lang='lat' dir='ltr'>posuerunt</span> <span class='ocrx_word' id='word_1_170' title='bbox 1116 3674 1160 3746; x_wconf 86' lang='lat' dir='ltr'>ad</span> <span class='ocrx_word' id='word_1_171' title='bbox 1187 3676 1284 3749; x_wconf 88' lang='lat' dir='ltr'>testi-</span> 
     </span>
    </p>
   </div>
   <div class='ocr_carea' id='block_1_5' title="bbox 0 0 1396 4290">
    <p class='ocr_par' dir='ltr' id='par_1_5' title="bbox 0 0 1396 4290">
     <span class='ocr_line' id='line_1_24' title="bbox 0 0 1396 4290; baseline 0 1"><span class='ocrx_word' id='word_1_172' title='bbox 0 0 1396 4290; x_wconf 95' lang='lat' dir='ltr'> </span> 
     </span>
    </p>
   </div>
  </div>
 </body>
</html>
