2782 4290
1066 450 1106 516 17

90 627 208 700 siendo
242 625 419 718 praeteriit
452 624 658 718 remaleque
688 627 760 721 jam
796 627 1019 703 incumbendo
1053 633 1105 703 in-

90 767 198 834 staret
237 781 376 850 germen
419 763 454 831 et
493 759 650 851 paschale
690 781 753 852 per
796 766 904 834 tntum
946 765 1107 839 mundum

90 894 252 984 fulgendo
279 893 461 965 irradiaret
486 896 629 985 tempus,
658 893 786 966 illidno
801 899 954 985 germani
970 895 1103 971 felicem

89 1028 335 1100 monasterialis
374 1027 571 1118 disciplinae
612 1028 715 1100 vitam
761 1029 823 1102 sub
862 1051 979 1104 sacrae
1019 1033 1105 1122 legis

89 1162 321 1233 moderamine
363 1160 541 1234 ducebant.
603 1161 689 1234 Tum
728 1162 846 1255 etiam,
884 1164 1104 1239 decrescente

90 1296 221 1368 dierum
249 1294 381 1367 calculo¹
405 1300 440 1366 et
467 1299 643 1368 crescente
657 1297 796 1369 aestatis
824 1304 986 1390 caumate,
1017 1320 1103 1391 qnae

90 1448 255 1531 praesaga
281 1428 416 1500 futurae
443 1429 533 1500 salet
560 1449 633 1502 esse
659 1427 772 1521 febris,
801 1449 924 1520 magna
951 1432 1103 1523 corporis

89 1564 181 1634 illico
209 1562 339 1653 arrepti
366 1567 443 1634 sunt
469 1562 646 1654 molestia,
675 1563 744 1653 ita,
784 1567 823 1635 ut
850 1566 973 1638 acriter
1000 1567 1104 1638 anhe-

88 1695 198 1787 lando,
228 1694 462 1786 febricitando,
491 1697 592 1770 toties
620 1698 737 1787 algore
752 1695 936 1786 frigescens
948 1706 983 1772 et
997 1702 1100 1773 toties

91 1829 204 1902 calare
231 1832 401 1918 aestuans,
431 1833 529 1901 atrox
554 1850 618 1921 per
636 1835 729 1902 artus
742 1829 863 1903 diffusa
877 1838 967 1905 esset
983 1835 1096 1926 pestis,

90 1972 125 2035 et
151 1963 199 2034 sic
227 1962 350 2035 irretiti
378 1967 414 2034 et
440 1963 576 2054 retenti,
604 1983 728 2054 magna
756 1966 875 2038 mortis
896 1967 996 2039 exitio
1024 1987 1104 2038 con·

90 2097 208 2191 stricti,
237 2095 334 2170 febre
361 2093 492 2186 fatigati
519 2103 625 2189 erant,
653 2102 692 2168 nt
719 2098 776 2169 vix
787 2099 859 2189 jam
880 2100 995 2172 inillis
1011 2101 1101 2173 vitae

92 2230 215 2302 balitus
246 2250 310 2321 per
335 2230 443 2303 lassas
475 2230 640 2302 luentium
666 2235 761 2303 artus
788 2230 959 2303 volitando
987 2253 1102 2305 versa·

91 2369 197 2436 retur.
254 2363 322 2437 Sed
349 2370 462 2436 tamen
489 2363 655 2438 indefessa
681 2369 846 2454 paternae
859 2365 997 2454 pietatis
1023 2388 1103 2457 prc-

92 2498 240 2570 videntia
273 2497 342 2569 suis
375 2498 549 2571 consulere
582 2497 828 2588 suffragariqne
862 2497 1004 2588 dignata
1040 2506 1101 2590 est,

91 2633 148 2722 ita,
177 2638 215 2704 nt
242 2653 327 2703 unns
354 2632 397 2704 de
425 2631 554 2704 duobus
571 2653 672 2705 unam
686 2631 933 2704 hebdomadam
961 2638 996 2703 et
1015 2632 1105 2704 alter

92 2785 192 2837 unam
218 2765 254 2837 in
280 2765 461 2838 subsidium
474 2763 686 2837 ministrandi
706 2765 756 2836 illi
769 2766 921 2857 requiem
948 2766 1099 2862 haberet.

92 2899 141 2970 Et
180 2905 312 2991 tamen,
351 2903 455 2990 prout
498 2899 650 2991 corporis
688 2898 865 2971 infirmitas
903 2904 1105 2990 perpetrare

91 3038 233 3124 poterat,
262 3053 412 3104 asacrae
430 3032 651 3105 institutionis
664 3052 783 3103 norma
797 3054 863 3103 nun
884 3032 1101 3120 recedebant,
1148 3078 1149 3082 η

91 3167 151 3240 sed
178 3167 380 3257 propensius
406 3184 521 3238 sacrae
535 3166 686 3238 lectionis
713 3166 826 3237 studio
845 3171 1104 3256 perseverantes

89 3300 329 3391 inhaerebant,
363 3299 459 3390 juxta
492 3299 649 3371 veritatis
686 3319 807 3371 vocem
837 3299 993 3371 dicentis:
1036 3296 1105 3384 Qut

90 3440 203 3506 utitem
211 3434 486 3522 perseveraverit
506 3433 669 3526 usquein
688 3432 804 3523 liutem,
825 3432 1012 3506 dicacibus
1029 3431 1102 3500 erit.

892 3819 911 3880 2
