2782 4290
307 397 379 464 'lt-t

314 585 415 671 caput
440 581 610 673 mortuum
637 574 759 667 ubique
788 572 926 666 depingi
954 570 998 643 ad
1024 570 1133 663 pedes
1158 567 1325 662 crucium

314 712 375 786 sed
402 711 484 784 nihil
512 715 563 783 est
591 708 690 798 aliud,
720 708 830 781 Adam
856 707 890 779 in
918 704 1078 797 sanguine
1100 703 1227 780 Christi
1241 706 1326 796 bap-

197 938 205 948 ⁶
313 847 469 936 tinctum,
507 845 600 937 quasi
633 864 695 936 per
728 821 925 933 sanguinem
958 837 1081 914 Christi
1119 839 1323 932 redemtum,

312 981 447 1056 cumin
474 978 615 1051 Hebron
644 978 815 1068 scriptura
842 975 969 1047 referat
997 995 1075 1047 eum
1100 972 1186 1048 iuise
1214 976 1325 1069 sepul-

313 1119 396 1194 tum,
448 1111 518 1183 >Per
545 1111 730 1184 deformem
758 1117 869 1183 autem
897 1108 1040 1197 hominis
1067 1108 1206 1202 faciem,
1237 1132 1324 1203 quae

285 1221 296 1247 ”
312 1249 400 1322 solet
427 1243 552 1338 apponi
580 1246 694 1319 subtus
721 1246 765 1317 ad
792 1245 896 1338 pedes
910 1241 1067 1337 crucifixi,
1096 1265 1189 1318 mors
1211 1247 1324 1339 potius

314 1387 350 1456 et
378 1382 451 1475 ejus
479 1379 662 1453 destructio
692 1379 897 1469 designatur.
942 1377 1039 1452 Unde
1066 1378 1247 1453 Dominus:
1294 1377 1323 1453 0

312 1538 405 1590 mors
432 1537 488 1587 cro
515 1536 608 1586 mors
635 1519 704 1605 tun,
734 1514 769 1586 id
797 1519 859 1606 est,
889 1515 1073 1587 destructio
1101 1518 1170 1586 tua.
1210 1514 1323 1588 Locus

315 1650 450 1743 quidem
478 1646 653 1720 Oalvariae
689 1653 740 1720 est
765 1649 811 1721 ad
848 1649 999 1723 dextram
1026 1649 1060 1721 in
1087 1647 1228 1722 introitu
1254 1670 1324 1722 ma-

309 1785 395 1879 joris
424 1782 598 1874 ecclesiae,
628 1783 662 1854 in
696 1783 788 1876 cujus
815 1784 980 1877 superiori
1006 1787 1114 1876 parte·
1135 1785 1324 1858 scissura

314 1918 465 2012 ejusdem
499 1921 649 2007 petrae
684 1917 826 1990 celebris
854 1938 931 1989 cum
962 1938 1084 2008 magna
1110 1916 1323 2009 solemnitate

312 2058 496 2126 veneratur
530 2055 564 2121 et
591 2050 700 2123 adhuc
728 2052 833 2124 'hodie
861 2050 1114 2125 advenientibus
1147 2052 1323 2126 manifeste

312 2187 510 2270 ostenditur.
557 2184 690 2258 Eadem
723 2206 802 2276 pars
839 2187 993 2280 superior
1025 2187 1154 2276 optimo
1190 2189 1321 2260 musivo

313 2342 431 2416 operev
449 2319 589 2411 pulchre
623 2318 774 2412 depicta;
818 2322 1011 2406 continetur
1051 2322 1163 2411 passio
1198 2319 1320 2395 Christi

312 2463 348 2531 et
386 2456 484 2548 ejus.
512 2454 685 2547 sepultura
729 2475 802 2528 cum
849 2456 1093 2548 prophetarum
1133 2456 1323 2540 testimonio

311 2593 430 2679 gestae
458 2588 509 2662 rei
535 2588 692 2662 hincinde
720 2609 877 2663 consono.

336 2738 337 2742 ’
392 2721 499 2813 Nota,
537 2723 630 2814 quod
663 2722 697 2795 in
733 2722 853 2795 eodem
886 2723 980 2815 loco,
1010 2723 1082 2797 sive
1110 2745 1194 2809 crux
1220 2724 1323 2801 fuerit

311 2855 412 2928 infixa
434 2855 485 2927 ⁴‘in
501 2913 506 2917 η
523 2858 670 2936 rotundo
712 2857 892 2950 foramine,
934 2859 1026 2950 quod
1063 2859 1171 2933 adhuc
1205 2865 1322 2953 putem

307 2989 564 3063 ostendituret
591 2993 631 3064 in.
655 2991 747 3084 quod
775 2992 962 3075 oblationes
985 2992 1209 3067 immittantur
1237 2993 1320 3067 iide-

304 3125 405 3216 num,
418 3126 506 3199 sive
526 3127 696 3218 infparte
712 3145 775 3217 ea,
813 3128 870 3200 ubi
904 3126 1027 3200 hastile
1063 3127 1243 3222 cujusdam⁴
1266 3149 1319 3212 ro-

302 3259 409 3332 tundi
436 3259 556 3352 lapidis
586 3265 737 3334 erectum
766 3261 964 3351 ostenditur,
981 3265 1040 3333 :ut
1056 3262 1205 3361 v„quidam
1233 3281 1321 3338 asse-

312 3400 403 3486 runt,
434 3399 534 3466 etut
560 3395 650 3488 plns,
688 3396 778 3488 qnod
811 3395 853 3467 ad
881 3395 963 3469 situs
989 3395 1191 3489 positionem
1218 3397 1321 3472 etad

183 3625 186 3631 Ι
312 3529 482 3620 sanguinis
511 3550 553 3600 ex
581 3528 701 3601 dextro
717 3530 838 3603 tatere
866 3531 909 3603 ad
937 3531 1056 3602 rimam
1077 3536 1199 3622 petrae
1221 3533 1319 3606 emis·

313 3664 454 3755 sionem,
483 3683 665 3754 congruum
694 3667 731 3737 et
757 3663 914 3737 idoneum
945 3685 1018 3738 esse
1048 3664 1194 3758 videtur,
1223 3666 1322 3740 facies
