<?xml version="1.0" encoding="UTF-8"?>
<!DOCTYPE html PUBLIC "-//W3C//DTD XHTML 1.0 Transitional//EN"
    "http://www.w3.org/TR/xhtml1/DTD/xhtml1-transitional.dtd">
<html xmlns="http://www.w3.org/1999/xhtml" xml:lang="en" lang="en">
 <head>
  <title>
</title>
<meta http-equiv="Content-Type" content="text/html;charset=utf-8" />
  <meta name='ocr-system' content='tesseract 3.04.00' />
  <meta name='ocr-capabilities' content='ocr_page ocr_carea ocr_par ocr_line ocrx_word'/>
</head>
<body>
  <div class='ocr_page' id='page_1' title='image "./descriptioneste01toblgoog_0072.png"; bbox 0 0 2782 4290; ppageno 0'>
   <div class='ocr_carea' id='block_1_1' title="bbox 1043 393 1092 463">
    <p class='ocr_par' dir='ltr' id='par_1_1' title="bbox 1043 393 1092 463">
     <span class='ocr_line' id='line_1_1' title="bbox 1043 393 1092 463; baseline -0.061 -2"><span class='ocrx_word' id='word_1_1' title='bbox 1043 393 1092 463; x_wconf 83' lang='grc'><strong><em>,65</em></strong></span> 
     </span>
    </p>
   </div>
   <div class='ocr_carea' id='block_1_2' title="bbox 79 565 1095 660">
    <p class='ocr_par' dir='ltr' id='par_1_2' title="bbox 79 565 1095 660">
     <span class='ocr_line' id='line_1_2' title="bbox 79 565 1095 660; baseline 0.004 -19"><span class='ocrx_word' id='word_1_2' title='bbox 79 568 239 658; x_wconf 78' lang='lat' dir='ltr'><strong><em>scriptor,</em></strong></span> <span class='ocrx_word' id='word_1_3' title='bbox 269 565 318 638; x_wconf 81' lang='lat' dir='ltr'><strong><em>aa</em></strong></span> <span class='ocrx_word' id='word_1_4' title='bbox 344 589 410 639; x_wconf 90' lang='lat' dir='ltr'><strong><em>sua</em></strong></span> <span class='ocrx_word' id='word_1_5' title='bbox 434 589 543 659; x_wconf 81' lang='lat' dir='ltr'><strong><em>usque</em></strong></span> <span class='ocrx_word' id='word_1_6' title='bbox 570 572 722 659; x_wconf 83' lang='lat' dir='ltr'><strong><em>tuapora</em></strong></span> <span class='ocrx_word' id='word_1_7' title='bbox 742 571 957 660; x_wconf 75' lang='lat' dir='ltr'><strong><em>perdurasse</em></strong></span> <span class='ocrx_word' id='word_1_8' title='bbox 993 577 1025 644; x_wconf 89' lang='lat' dir='ltr'><strong><em>et</em></strong></span> <span class='ocrx_word' id='word_1_9' title='bbox 1057 595 1095 655; x_wconf 85' lang='lat' dir='ltr'><strong><em>se</em></strong></span> 
     </span>
    </p>
   </div>
   <div class='ocr_carea' id='block_1_3' title="bbox 79 695 1196 793">
    <p class='ocr_par' dir='ltr' id='par_1_3' title="bbox 79 695 1196 793">
     <span class='ocr_line' id='line_1_3' title="bbox 79 695 1196 793; baseline 0.004 -20"><span class='ocrx_word' id='word_1_10' title='bbox 79 702 156 773; x_wconf 90' lang='lat' dir='ltr'><strong><em>suis</em></strong></span> <span class='ocrx_word' id='word_1_11' title='bbox 192 700 349 791; x_wconf 77' lang='lat' dir='ltr'><strong><em>perhibet</em></strong></span> <span class='ocrx_word' id='word_1_12' title='bbox 395 699 504 773; x_wconf 77' lang='lat' dir='ltr'><strong><em>omlis</em></strong></span> <span class='ocrx_word' id='word_1_13' title='bbox 543 703 768 793; x_wconf 73' lang='lat' dir='ltr'><strong><em>conspexisse.</em></strong></span> <span class='ocrx_word' id='word_1_14' title='bbox 835 703 942 777; x_wconf 90' lang='lat' dir='ltr'><strong><em>Haue</em></strong></span> <span class='ocrx_word' id='word_1_15' title='bbox 982 695 1122 777; x_wconf 49' lang='lat' dir='ltr'><strong><em>autem&gt;</em></strong></span> <span class='ocrx_word' id='word_1_16' title='bbox 1193 757 1196 764; x_wconf 82' lang='lat'>-</span> 
     </span>
    </p>
   </div>
   <div class='ocr_carea' id='block_1_4' title="bbox 73 832 1162 3330">
    <p class='ocr_par' dir='ltr' id='par_1_4' title="bbox 73 832 1144 1977">
     <span class='ocr_line' id='line_1_4' title="bbox 79 832 1144 938; baseline 0.004 -32"><span class='ocrx_word' id='word_1_17' title='bbox 79 840 232 906; x_wconf 89' lang='lat' dir='ltr'><strong><em>statuam</em></strong></span> <span class='ocrx_word' id='word_1_18' title='bbox 260 832 391 906; x_wconf 74' lang='lat' dir='ltr'><strong><em>Christi</em></strong></span> <span class='ocrx_word' id='word_1_19' title='bbox 417 834 700 908; x_wconf 81' lang='lat' dir='ltr'><strong><em>sceleratissimus</em></strong></span> <span class='ocrx_word' id='word_1_20' title='bbox 725 835 894 910; x_wconf 77' lang='lat' dir='ltr'><strong><em>Julianus</em></strong></span> <span class='ocrx_word' id='word_1_21' title='bbox 921 845 1091 930; x_wconf 87' lang='lat' dir='ltr'><strong><em>apostata,</em></strong></span> <span class='ocrx_word' id='word_1_22' title='bbox 1142 934 1144 938; x_wconf 22' lang='grc' dir='ltr'>Ι</span> 
     </span>
     <span class='ocr_line' id='line_1_5' title="bbox 79 967 1095 1061; baseline 0.007 -23"><span class='ocrx_word' id='word_1_23' title='bbox 79 972 118 1039; x_wconf 92' lang='lat' dir='ltr'><strong><em>ut</em></strong></span> <span class='ocrx_word' id='word_1_24' title='bbox 144 969 183 1038; x_wconf 89' lang='lat' dir='ltr'><strong><em>iu</em></strong></span> <span class='ocrx_word' id='word_1_25' title='bbox 209 967 388 1058; x_wconf 87' lang='lat' dir='ltr'><strong><em>tripartita</em></strong></span> <span class='ocrx_word' id='word_1_26' title='bbox 414 969 538 1059; x_wconf 78' lang='lat' dir='ltr'><strong><em>lepilur</em></strong></span> <span class='ocrx_word' id='word_1_27' title='bbox 563 969 718 1060; x_wconf 77' lang='lat' dir='ltr'><strong><em>historia,</em></strong></span> <span class='ocrx_word' id='word_1_28' title='bbox 748 971 904 1061; x_wconf 73' lang='lat' dir='ltr'><strong><em>deposuit</em></strong></span> <span class='ocrx_word' id='word_1_29' title='bbox 937 977 969 1043; x_wconf 87' lang='lat' dir='ltr'><strong><em>et</em></strong></span> <span class='ocrx_word' id='word_1_30' title='bbox 994 994 1095 1045; x_wconf 89' lang='lat' dir='ltr'><strong><em>suam</em></strong></span> 
     </span>
     <span class='ocr_line' id='line_1_6' title="bbox 80 1100 1096 1191; baseline 0.004 -17"><span class='ocrx_word' id='word_1_31' title='bbox 80 1103 151 1174; x_wconf 90' lang='lat' dir='ltr'><strong><em>loeo</em></strong></span> <span class='ocrx_word' id='word_1_32' title='bbox 185 1102 282 1175; x_wconf 88' lang='lat' dir='ltr'><strong><em>illius</em></strong></span> <span class='ocrx_word' id='word_1_33' title='bbox 314 1101 447 1174; x_wconf 81' lang='lat' dir='ltr'><strong><em>locauit.</em></strong></span> <span class='ocrx_word' id='word_1_34' title='bbox 510 1100 598 1191; x_wconf 77' lang='lat' dir='ltr'><strong><em>Sul,</em></strong></span> <span class='ocrx_word' id='word_1_35' title='bbox 633 1102 709 1176; x_wconf 86' lang='lat' dir='ltr'><strong><em>Dea</em></strong></span> <span class='ocrx_word' id='word_1_36' title='bbox 743 1109 875 1176; x_wconf 88' lang='lat' dir='ltr'><strong><em>tautum</em></strong></span> <span class='ocrx_word' id='word_1_37' title='bbox 901 1105 1014 1177; x_wconf 85' lang='lat' dir='ltr'><strong><em>scelus</em></strong></span> <span class='ocrx_word' id='word_1_38' title='bbox 1047 1107 1096 1177; x_wconf 85' lang='lat' dir='ltr'><strong><em>aa</em></strong></span> 
     </span>
     <span class='ocr_line' id='line_1_7' title="bbox 73 1235 1096 1327; baseline 0.002 -19"><span class='ocrx_word' id='word_1_39' title='bbox 73 1258 246 1327; x_wconf 90' lang='lat' dir='ltr'><strong><em>praeseus</em></strong></span> <span class='ocrx_word' id='word_1_40' title='bbox 259 1237 465 1326; x_wconf 82' lang='lat' dir='ltr'><strong><em>uiadiaaate,</em></strong></span> <span class='ocrx_word' id='word_1_41' title='bbox 494 1237 614 1308; x_wconf 83' lang='lat' dir='ltr'><strong><em>eadem</em></strong></span> <span class='ocrx_word' id='word_1_42' title='bbox 625 1235 766 1309; x_wconf 82' lang='lat' dir='ltr'><strong><em>Juliaui</em></strong></span> <span class='ocrx_word' id='word_1_43' title='bbox 792 1243 908 1310; x_wconf 90' lang='lat' dir='ltr'><strong><em>statua</em></strong></span> <span class='ocrx_word' id='word_1_44' title='bbox 934 1239 1096 1326; x_wconf 86' lang='lat' dir='ltr'><strong><em>fulmiuis</em></strong></span> 
     </span>
     <span class='ocr_line' id='line_1_8' title="bbox 78 1368 1095 1462; baseline 0.005 -23"><span class='ocrx_word' id='word_1_45' title='bbox 78 1371 149 1440; x_wconf 84' lang='lat' dir='ltr'><strong><em>iotu</em></strong></span> <span class='ocrx_word' id='word_1_46' title='bbox 176 1368 355 1462; x_wconf 80' lang='lat' dir='ltr'><strong><em>diuiditur,</em></strong></span> <span class='ocrx_word' id='word_1_47' title='bbox 385 1370 509 1460; x_wconf 86' lang='lat' dir='ltr'><strong><em>eapitis</em></strong></span> <span class='ocrx_word' id='word_1_48' title='bbox 536 1393 613 1442; x_wconf 86' lang='lat' dir='ltr'><strong><em>eum</em></strong></span> <span class='ocrx_word' id='word_1_49' title='bbox 640 1371 769 1442; x_wconf 86' lang='lat' dir='ltr'><strong><em>eeroiae</em></strong></span> <span class='ocrx_word' id='word_1_50' title='bbox 789 1392 880 1460; x_wconf 92' lang='lat' dir='ltr'><strong><em>pars</em></strong></span> <span class='ocrx_word' id='word_1_51' title='bbox 894 1395 966 1443; x_wconf 90' lang='lat' dir='ltr'><strong><em>uua</em></strong></span> <span class='ocrx_word' id='word_1_52' title='bbox 982 1378 1095 1444; x_wconf 86' lang='lat' dir='ltr'><strong><em>terrae</em></strong></span> 
     </span>
     <span class='ocr_line' id='line_1_9' title="bbox 79 1502 1096 1599; baseline 0.003 -26"><span class='ocrx_word' id='word_1_53' title='bbox 79 1502 246 1594; x_wconf 67' lang='lat' dir='ltr'><strong><em>iufipitum</em></strong></span> <span class='ocrx_word' id='word_1_54' title='bbox 276 1503 387 1575; x_wconf 92' lang='lat' dir='ltr'><strong><em>altera</em></strong></span> <span class='ocrx_word' id='word_1_55' title='bbox 405 1504 451 1599; x_wconf 85' lang='lat' dir='ltr'><strong><em>lu</em></strong></span> <span class='ocrx_word' id='word_1_56' title='bbox 478 1503 548 1575; x_wconf 89' lang='lat' dir='ltr'><strong><em>looo</em></strong></span> <span class='ocrx_word' id='word_1_57' title='bbox 568 1504 713 1577; x_wconf 84' lang='lat' dir='ltr'><strong><em>laereus</em></strong></span> <span class='ocrx_word' id='word_1_58' title='bbox 725 1503 886 1593; x_wconf 76' lang='lat' dir='ltr'><strong><em>fulmiuis</em></strong></span> <span class='ocrx_word' id='word_1_59' title='bbox 899 1506 1096 1578; x_wconf 86' lang='lat' dir='ltr'><strong><em>iueeuolium</em></strong></span> 
     </span>
     <span class='ocr_line' id='line_1_10' title="bbox 80 1637 1096 1730; baseline 0.004 -21"><span class='ocrx_word' id='word_1_60' title='bbox 80 1642 245 1725; x_wconf 88' lang='lat' dir='ltr'><strong><em>testatur;</em></strong></span> <span class='ocrx_word' id='word_1_61' title='bbox 272 1641 423 1710; x_wconf 83' lang='lat' dir='ltr'><strong><em>statuam</em></strong></span> <span class='ocrx_word' id='word_1_62' title='bbox 448 1659 527 1709; x_wconf 89' lang='lat' dir='ltr'><strong><em>uero</em></strong></span> <span class='ocrx_word' id='word_1_63' title='bbox 555 1637 739 1709; x_wconf 89' lang='lat' dir='ltr'><strong><em>saluatoris</em></strong></span> <span class='ocrx_word' id='word_1_64' title='bbox 758 1638 896 1728; x_wconf 77' lang='lat' dir='ltr'><strong><em>papaui</em></strong></span> <span class='ocrx_word' id='word_1_65' title='bbox 922 1639 1096 1730; x_wconf 71' lang='lat' dir='ltr'><strong><em>coufirepe·</em></strong></span> 
     </span>
     <span class='ocr_line' id='line_1_11' title="bbox 79 1770 1096 1860; baseline 0.003 -18"><span class='ocrx_word' id='word_1_66' title='bbox 79 1775 172 1860; x_wconf 86' lang='lat' dir='ltr'><strong><em>ruat,</em></strong></span> <span class='ocrx_word' id='word_1_67' title='bbox 201 1770 383 1843; x_wconf 80' lang='lat' dir='ltr'><strong><em>eluistiaui</em></strong></span> <span class='ocrx_word' id='word_1_68' title='bbox 410 1776 523 1843; x_wconf 88' lang='lat' dir='ltr'><strong><em>autem</em></strong></span> <span class='ocrx_word' id='word_1_69' title='bbox 550 1770 742 1860; x_wconf 79' lang='lat' dir='ltr'><strong><em>eollipeutes</em></strong></span> <span class='ocrx_word' id='word_1_70' title='bbox 768 1772 806 1842; x_wconf 90' lang='lat' dir='ltr'><strong><em>iu</em></strong></span> <span class='ocrx_word' id='word_1_71' title='bbox 834 1771 976 1843; x_wconf 81' lang='lat' dir='ltr'><strong><em>emlesia</em></strong></span> <span class='ocrx_word' id='word_1_72' title='bbox 1003 1773 1096 1845; x_wconf 90' lang='lat' dir='ltr'><strong><em>loea-</em></strong></span> 
     </span>
     <span class='ocr_line' id='line_1_12' title="bbox 79 1909 212 1977; baseline -0.015 -1"><span class='ocrx_word' id='word_1_73' title='bbox 79 1909 212 1977; x_wconf 86' lang='lat' dir='ltr'><strong><em>ueruut.</em></strong></span> 
     </span>
    </p>

    <p class='ocr_par' dir='ltr' id='par_1_5' title="bbox 77 2036 1162 3330">
     <span class='ocr_line' id='line_1_13' title="bbox 163 2036 1090 2130; baseline 0 -21"><span class='ocrx_word' id='word_1_74' title='bbox 163 2041 226 2109; x_wconf 92' lang='lat'><strong><em>10.</em></strong></span> <span class='ocrx_word' id='word_1_75' title='bbox 256 2036 409 2126; x_wconf 85' lang='lat' dir='ltr'><strong><em>Digressi</em></strong></span> <span class='ocrx_word' id='word_1_76' title='bbox 436 2037 514 2109; x_wconf 88' lang='lat' dir='ltr'><strong><em>inde</em></strong></span> <span class='ocrx_word' id='word_1_77' title='bbox 541 2036 713 2110; x_wconf 81' lang='lat' dir='ltr'><strong><em>Jordauis</em></strong></span> <span class='ocrx_word' id='word_1_78' title='bbox 742 2039 875 2129; x_wconf 79' lang='lat' dir='ltr'><strong><em>flueata</em></strong></span> <span class='ocrx_word' id='word_1_79' title='bbox 908 2038 1090 2130; x_wconf 78' lang='lat' dir='ltr'><strong><em>sequeualo,</em></strong></span> 
     </span>
     <span class='ocr_line' id='line_1_14' title="bbox 80 2169 1093 2262; baseline -0.003 -17"><span class='ocrx_word' id='word_1_80' title='bbox 80 2176 247 2245; x_wconf 81' lang='lat' dir='ltr'><strong><em>venerunt</em></strong></span> <span class='ocrx_word' id='word_1_81' title='bbox 280 2171 322 2242; x_wconf 84' lang='lat' dir='ltr'><strong><em>ad</em></strong></span> <span class='ocrx_word' id='word_1_82' title='bbox 355 2171 450 2242; x_wconf 90' lang='lat' dir='ltr'><strong><em>illum</em></strong></span> <span class='ocrx_word' id='word_1_83' title='bbox 483 2171 643 2243; x_wconf 86' lang='lat' dir='ltr'><strong><em>Jordanis</em></strong></span> <span class='ocrx_word' id='word_1_84' title='bbox 670 2171 795 2262; x_wconf 88' lang='lat' dir='ltr'><strong><em>locum,</em></strong></span> <span class='ocrx_word' id='word_1_85' title='bbox 831 2172 889 2242; x_wconf 85' lang='lat' dir='ltr'><strong><em>ubi</em></strong></span> <span class='ocrx_word' id='word_1_86' title='bbox 920 2169 1093 2243; x_wconf 90' lang='lat' dir='ltr'><strong><em>Damiaus</em></strong></span> 
     </span>
     <span class='ocr_line' id='line_1_15' title="bbox 79 2302 1162 2398; baseline -0.002 -20"><span class='ocrx_word' id='word_1_87' title='bbox 79 2328 194 2398; x_wconf 82' lang='lat' dir='ltr'><strong><em>aquas</em></strong></span> <span class='ocrx_word' id='word_1_88' title='bbox 221 2302 350 2376; x_wconf 83' lang='lat' dir='ltr'><strong><em>diluuio</em></strong></span> <span class='ocrx_word' id='word_1_89' title='bbox 378 2305 458 2376; x_wconf 91' lang='lat' dir='ltr'><strong><em>olim</em></strong></span> <span class='ocrx_word' id='word_1_90' title='bbox 478 2304 633 2395; x_wconf 89' lang='lat' dir='ltr'><strong><em>pollutas</em></strong></span> <span class='ocrx_word' id='word_1_91' title='bbox 660 2325 720 2376; x_wconf 94' lang='lat' dir='ltr'><strong><em>suo</em></strong></span> <span class='ocrx_word' id='word_1_92' title='bbox 741 2304 943 2395; x_wconf 81' lang='lat' dir='ltr'><strong><em>baptismate</em></strong></span> <span class='ocrx_word' id='word_1_93' title='bbox 969 2305 1094 2376; x_wconf 88' lang='lat' dir='ltr'><strong><em>laoaus</em></strong></span> <span class='ocrx_word' id='word_1_94' title='bbox 1157 2358 1162 2365; x_wconf 23' lang='grc' dir='ltr'><strong><em>κ</em></strong></span> 
     </span>
     <span class='ocr_line' id='line_1_16' title="bbox 77 2437 1093 2530; baseline 0.001 -20"><span class='ocrx_word' id='word_1_95' title='bbox 77 2437 271 2510; x_wconf 84' lang='lat' dir='ltr'><strong><em>muaolauit.</em></strong></span> <span class='ocrx_word' id='word_1_96' title='bbox 326 2439 376 2511; x_wconf 92' lang='lat' dir='ltr'><strong><em>lbi</em></strong></span> <span class='ocrx_word' id='word_1_97' title='bbox 416 2437 548 2511; x_wconf 77' lang='lat' dir='ltr'><strong><em>salubri</em></strong></span> <span class='ocrx_word' id='word_1_98' title='bbox 587 2437 719 2530; x_wconf 81' lang='lat' dir='ltr'><strong><em>liquore</em></strong></span> <span class='ocrx_word' id='word_1_99' title='bbox 745 2438 888 2528; x_wconf 80' lang='lat' dir='ltr'><strong><em>perfusi</em></strong></span> <span class='ocrx_word' id='word_1_100' title='bbox 927 2446 1093 2512; x_wconf 83' lang='lat' dir='ltr'><strong><em>venerunt</em></strong></span> 
     </span>
     <span class='ocr_line' id='line_1_17' title="bbox 80 2570 1093 2661; baseline 0 -17"><span class='ocrx_word' id='word_1_101' title='bbox 80 2571 282 2661; x_wconf 85' lang='lat' dir='ltr'><strong><em>Galgala,</em></strong></span> <span class='ocrx_word' id='word_1_102' title='bbox 311 2571 369 2643; x_wconf 89' lang='lat' dir='ltr'><strong><em>ubi</em></strong></span> <span class='ocrx_word' id='word_1_103' title='bbox 395 2570 455 2643; x_wconf 86' lang='lat' dir='ltr'><strong><em>filii</em></strong></span> <span class='ocrx_word' id='word_1_104' title='bbox 481 2571 588 2643; x_wconf 85' lang='lat' dir='ltr'><strong><em>Israel</em></strong></span> <span class='ocrx_word' id='word_1_105' title='bbox 615 2573 764 2644; x_wconf 80' lang='lat' dir='ltr'><strong><em>sublatos</em></strong></span> <span class='ocrx_word' id='word_1_106' title='bbox 792 2572 835 2644; x_wconf 86' lang='lat' dir='ltr'><strong><em>de</em></strong></span> <span class='ocrx_word' id='word_1_107' title='bbox 863 2571 1011 2645; x_wconf 90' lang='lat' dir='ltr'><strong><em>Jordane</em></strong></span> <span class='ocrx_word' id='word_1_108' title='bbox 1028 2572 1093 2645; x_wconf 87' lang='lat' dir='ltr'><strong><em>XII</em></strong></span> 
     </span>
     <span class='ocr_line' id='line_1_18' title="bbox 78 2704 1092 2798; baseline -0.001 -19"><span class='ocrx_word' id='word_1_109' title='bbox 78 2705 212 2796; x_wconf 84' lang='lat' dir='ltr'><strong><em>lapides</em></strong></span> <span class='ocrx_word' id='word_1_110' title='bbox 237 2704 273 2776; x_wconf 88' lang='lat' dir='ltr'><strong><em>in</em></strong></span> <span class='ocrx_word' id='word_1_111' title='bbox 300 2705 529 2779; x_wconf 86' lang='lat' dir='ltr'><strong><em>testimonium</em></strong></span> <span class='ocrx_word' id='word_1_112' title='bbox 556 2705 857 2794; x_wconf 84' lang='lat' dir='ltr'><strong><em>transmigrationis</em></strong></span> <span class='ocrx_word' id='word_1_113' title='bbox 883 2727 964 2778; x_wconf 82' lang='lat' dir='ltr'><strong><em>suae</em></strong></span> <span class='ocrx_word' id='word_1_114' title='bbox 991 2728 1092 2798; x_wconf 85' lang='lat' dir='ltr'><strong><em>posu·</em></strong></span> 
     </span>
     <span class='ocr_line' id='line_1_19' title="bbox 79 2836 1091 2929; baseline -0.001 -17"><span class='ocrx_word' id='word_1_115' title='bbox 79 2843 191 2912; x_wconf 89' lang='lat' dir='ltr'><strong><em>erunt.</em></strong></span> <span class='ocrx_word' id='word_1_116' title='bbox 248 2837 331 2910; x_wconf 85' lang='lat' dir='ltr'><strong><em>Inde</em></strong></span> <span class='ocrx_word' id='word_1_117' title='bbox 357 2842 533 2929; x_wconf 80' lang='lat' dir='ltr'><strong><em>permeata</em></strong></span> <span class='ocrx_word' id='word_1_118' title='bbox 558 2837 754 2928; x_wconf 72' lang='lat' dir='ltr'><strong><em>iericho,</em></strong></span> <span class='ocrx_word' id='word_1_119' title='bbox 784 2837 841 2910; x_wconf 83' lang='lat' dir='ltr'><strong><em>uli</em></strong></span> <span class='ocrx_word' id='word_1_120' title='bbox 867 2836 1039 2911; x_wconf 80' lang='lat' dir='ltr'><strong><em>Jorrlauis</em></strong></span> <span class='ocrx_word' id='word_1_121' title='bbox 1053 2839 1091 2911; x_wconf 91' lang='lat' dir='ltr'><strong><em>ia</em></strong></span> 
     </span>
     <span class='ocr_line' id='line_1_20' title="bbox 79 2968 1091 3045; baseline -0.001 -1"><span class='ocrx_word' id='word_1_122' title='bbox 79 2995 177 3045; x_wconf 89' lang='lat' dir='ltr'><strong><em>mare</em></strong></span> <span class='ocrx_word' id='word_1_123' title='bbox 203 2968 383 3045; x_wconf 77' lang='lat' dir='ltr'><strong><em>Mortuum</em></strong></span> <span class='ocrx_word' id='word_1_124' title='bbox 415 2993 537 3044; x_wconf 89' lang='lat' dir='ltr'><strong><em>uameu</em></strong></span> <span class='ocrx_word' id='word_1_125' title='bbox 571 2993 647 3044; x_wconf 86' lang='lat' dir='ltr'><strong><em>eum</em></strong></span> <span class='ocrx_word' id='word_1_126' title='bbox 681 2994 783 3042; x_wconf 83' lang='lat' dir='ltr'><strong><em>mrsu</em></strong></span> <span class='ocrx_word' id='word_1_127' title='bbox 818 2972 1010 3044; x_wconf 86' lang='lat' dir='ltr'><strong><em>amissurus</em></strong></span> <span class='ocrx_word' id='word_1_128' title='bbox 1036 2973 1091 3043; x_wconf 92' lang='lat' dir='ltr'><strong><em>ia·</em></strong></span> 
     </span>
     <span class='ocr_line' id='line_1_21' title="bbox 77 3104 1092 3197; baseline -0.002 -19"><span class='ocrx_word' id='word_1_129' title='bbox 77 3106 175 3197; x_wconf 71' lang='lat' dir='ltr'><strong><em>fluit,</em></strong></span> <span class='ocrx_word' id='word_1_130' title='bbox 219 3105 358 3177; x_wconf 85' lang='lat' dir='ltr'><strong><em>visitato</em></strong></span> <span class='ocrx_word' id='word_1_131' title='bbox 399 3105 500 3178; x_wconf 83' lang='lat' dir='ltr'><strong><em>etiam</em></strong></span> <span class='ocrx_word' id='word_1_132' title='bbox 540 3128 566 3178; x_wconf 89' lang='lat' dir='ltr'><strong><em>s.</em></strong></span> <span class='ocrx_word' id='word_1_133' title='bbox 602 3104 779 3178; x_wconf 81' lang='lat' dir='ltr'><strong><em>Eustachii</em></strong></span> <span class='ocrx_word' id='word_1_134' title='bbox 819 3107 1023 3177; x_wconf 84' lang='lat' dir='ltr'><strong><em>monasteria</em></strong></span> <span class='ocrx_word' id='word_1_135' title='bbox 1058 3107 1092 3176; x_wconf 87' lang='lat' dir='ltr'><strong><em>in</em></strong></span> 
     </span>
     <span class='ocr_line' id='line_1_22' title="bbox 78 3238 1091 3330; baseline -0.003 -18"><span class='ocrx_word' id='word_1_136' title='bbox 78 3241 262 3315; x_wconf 81' lang='lat' dir='ltr'><strong><em>medietate</em></strong></span> <span class='ocrx_word' id='word_1_137' title='bbox 296 3238 432 3311; x_wconf 85' lang='lat' dir='ltr'><strong><em>Jeriaho</em></strong></span> <span class='ocrx_word' id='word_1_138' title='bbox 468 3246 502 3322; x_wconf 85' lang='lat' dir='ltr'><strong><em>et</em></strong></span> <span class='ocrx_word' id='word_1_139' title='bbox 535 3238 724 3312; x_wconf 81' lang='lat' dir='ltr'><strong><em>Jerusalem</em></strong></span> <span class='ocrx_word' id='word_1_140' title='bbox 751 3240 835 3330; x_wconf 86' lang='lat' dir='ltr'><strong><em>sita,</em></strong></span> <span class='ocrx_word' id='word_1_141' title='bbox 869 3240 929 3310; x_wconf 86' lang='lat' dir='ltr'><strong><em>aiu</em></strong></span> <span class='ocrx_word' id='word_1_142' title='bbox 956 3259 1091 3328; x_wconf 82' lang='lat' dir='ltr'><strong><em>ausper-</em></strong></span> 
     </span>
    </p>
   </div>
   <div class='ocr_carea' id='block_1_5' title="bbox 79 3370 1203 3470">
    <p class='ocr_par' dir='ltr' id='par_1_6' title="bbox 79 3370 1203 3470">
     <span class='ocr_line' id='line_1_23' title="bbox 79 3370 1203 3470; baseline -0.005 -25"><span class='ocrx_word' id='word_1_143' title='bbox 79 3379 188 3447; x_wconf 90' lang='lat' dir='ltr'><strong><em>tatam</em></strong></span> <span class='ocrx_word' id='word_1_144' title='bbox 229 3373 462 3464; x_wconf 83' lang='lat' dir='ltr'><strong><em>ingrediuntur</em></strong></span> <span class='ocrx_word' id='word_1_145' title='bbox 501 3373 853 3463; x_wconf 83' lang='lat' dir='ltr'><strong><em>Hierosolymam.</em></strong></span> <span class='ocrx_word' id='word_1_146' title='bbox 906 3370 973 3442; x_wconf 81' lang='lat' dir='ltr'><strong><em>Cui</em></strong></span> <span class='ocrx_word' id='word_1_147' title='bbox 1012 3375 1093 3440; x_wconf 83' lang='lat' dir='ltr'><strong><em>tuuc</em></strong></span> <span class='ocrx_word' id='word_1_148' title='bbox 1198 3461 1203 3470; x_wconf 29' lang='grc' dir='ltr'>Ι</span> 
     </span>
    </p>
   </div>
   <div class='ocr_carea' id='block_1_6' title="bbox 79 3500 1094 3598">
    <p class='ocr_par' dir='ltr' id='par_1_7' title="bbox 79 3500 1094 3598">
     <span class='ocr_line' id='line_1_24' title="bbox 79 3500 1094 3598; baseline -0.009 -19"><span class='ocrx_word' id='word_1_149' title='bbox 79 3507 148 3581; x_wconf 87' lang='lat' dir='ltr'><strong><em>loeo</em></strong></span> <span class='ocrx_word' id='word_1_150' title='bbox 188 3506 436 3579; x_wconf 70' lang='lat' dir='ltr'><strong><em>miraculorum</em></strong></span> <span class='ocrx_word' id='word_1_151' title='bbox 475 3506 529 3578; x_wconf 88' lang='lat' dir='ltr'><strong><em>ael</em></strong></span> <span class='ocrx_word' id='word_1_152' title='bbox 575 3506 725 3596; x_wconf 73' lang='lat' dir='ltr'><strong><em>alicujus</em></strong></span> <span class='ocrx_word' id='word_1_153' title='bbox 771 3526 911 3598; x_wconf 90' lang='lat' dir='ltr'><strong><em>operum</em></strong></span> <span class='ocrx_word' id='word_1_154' title='bbox 950 3500 1094 3574; x_wconf 91' lang='lat' dir='ltr'><strong><em>Domiai</em></strong></span> 
     </span>
    </p>
   </div>
   <div class='ocr_carea' id='block_1_7' title="bbox 80 3631 1094 3822">
    <p class='ocr_par' dir='ltr' id='par_1_8' title="bbox 80 3631 1094 3822">
     <span class='ocr_line' id='line_1_25' title="bbox 80 3631 1094 3728; baseline -0.008 -16"><span class='ocrx_word' id='word_1_155' title='bbox 80 3640 212 3717; x_wconf 82' lang='lat' dir='ltr'><strong><em>conseia</em></strong></span> <span class='ocrx_word' id='word_1_156' title='bbox 240 3639 297 3711; x_wconf 88' lang='lat' dir='ltr'><strong><em>air</em></strong></span> <span class='ocrx_word' id='word_1_157' title='bbox 321 3638 392 3714; x_wconf 89' lang='lat' dir='ltr'><strong><em>Dei</em></strong></span> <span class='ocrx_word' id='word_1_158' title='bbox 417 3638 639 3713; x_wconf 78' lang='lat' dir='ltr'><strong><em>thtoatous</em></strong></span> <span class='ocrx_word' id='word_1_159' title='bbox 666 3640 782 3712; x_wconf 90' lang='lat' dir='ltr'><strong><em>oseula</em></strong></span> <span class='ocrx_word' id='word_1_160' title='bbox 807 3661 876 3710; x_wconf 89' lang='lat' dir='ltr'><strong><em>aaa</em></strong></span> <span class='ocrx_word' id='word_1_161' title='bbox 895 3631 1094 3728; x_wconf 74' lang='lat' dir='ltr'><strong><em>impressit?</em></strong></span> 
     </span>
     <span class='ocr_line' id='line_1_26' title="bbox 881 3759 901 3822; baseline 0 0"><span class='ocrx_word' id='word_1_162' title='bbox 881 3759 901 3822; x_wconf 84' lang='lat'>5</span> 
     </span>
    </p>
   </div>
   <div class='ocr_carea' id='block_1_8' title="bbox 0 0 1396 4290">
    <p class='ocr_par' dir='ltr' id='par_1_9' title="bbox 0 0 1396 4290">
     <span class='ocr_line' id='line_1_27' title="bbox 0 0 1396 4290; baseline 0 0"><span class='ocrx_word' id='word_1_163' title='bbox 0 0 1396 4290; x_wconf 95' lang='lat' dir='ltr'><strong><em> </em></strong></span> 
     </span>
    </p>
   </div>
  </div>
 </body>
</html>
