2782 4290
1054 374 1098 441 48

85 544 278 627 terribilem
313 553 585 645 horrendamque
636 559 868 629 eructuantem
910 556 952 628 de
993 560 1098 648 puteo

81 688 252 760 llsmmaui
280 705 461 779 erumpere
489 688 642 779 videbat,
672 689 715 760 sd
743 691 852 761 instsr
877 691 1017 762 tonitrui
1044 697 1096 763 to·

82 823 204 894 nentis.
251 819 306 894 Sic
347 823 515 895 flammam
550 839 707 912 magnam
745 830 780 896 et
818 818 899 897 furni
937 842 1096 915 soporem

81 955 182 1060 uelde
221 954 362 1030 sublime
401 957 437 1027 in
470 957 578 1028 altum
619 959 859 1031 escendentem
899 958 1095 1032 terribiliter

80 1091 288 1163 intuebatur.
350 1090 412 1163 llle
448 1106 586 1182 pumex,
621 1106 721 1182 quern
754 1093 937 1182 scriptores
970 1093 1095 1166 hebere

81 1225 208 1297 solent:
241 1225 336 1296 illum
374 1224 513 1298 videbat
544 1224 587 1296 <le
620 1223 751 1296 inferno
786 1226 1024 1299 ostendentem
1060 1233 1096 1300 et

82 1374 159 1431 euni
187 1357 323 1429 flamma
349 1359 540 1450 projectum
574 1362 676 1449 atque
708 1360 741 1430 in
769 1380 863 1431 mare
890 1360 1035 1432 ercitum
1062 1367 1097 1433 et

84 1498 166 1565 tuuc
196 1493 322 1564 iterum
351 1492 392 1565 de
420 1493 512 1564 marl.
533 1491 726 1585 projectum
753 1494 788 1565 in
815 1494 952 1584 andum,
983 1498 1016 1565 et
1035 1494 1096 1565 ho

81 1627 188 1700 mines
216 1627 338 1700 tollunt
365 1648 441 1699 eum
469 1632 504 1698 et
530 1627 609 1699 inde
637 1626 773 1699 ducunt.
814 1668 819 1676 -

82 1971 199 2038 XXXI.
248 1967 358 2036 Insula
386 1969 508 2052 Lipara
538 1986 607 2035 oum
639 1969 770 2037 eoelesia
798 1987 823 2037 s.
858 1968 1094 2036 Bartholomaei

83 2076 233 2161 apostoli,
258 2076 330 2145 dein
352 2077 471 2143 montes
484 2077 621 2160 Didymi,
639 2076 795 2159 Neapolis,
814 2077 931 2158 copus,
949 2077 1095 2156 leonum,

512 2182 668 2249 cestuum.

45 2416 47 2418 ’
162 2408 373 2520 susumque·
391 2433 483 2519 post,
526 2428 597 2499 istis
636 2427 802 2500 nomionis
840 2421 1094 2501 teutonibus

78 2564 166 2654 ignis
185 2562 386 2653 flagrantiae
406 2563 589 2652 vaporibus
607 2556 838 2633 flammivomis
860 2567 895 2634 et
918 2561 1001 2634 fumi
1022 2557 1094 2636 ioe-

78 2694 160 2768 nus
187 2696 359 2787 mirabilis,
389 2696 553 2768 visionum
577 2697 774 2788 spectamus
796 2697 987 2787 explorans,
1017 2697 1093 2770 inor

77 2826 235 2903 levantes
269 2848 305 2902 se
338 2831 585 2919 navigaverunt
611 2831 653 2902 ad
683 2830 903 2903 ecclesium
937 2853 963 2902 s.
994 2833 1093 2903 Bur-

78 2956 316 3035 tholomaei
348 2963 507 3055 bpmtoli,
547 2984 633 3056 quse
667 2969 735 3036 stat
768 2964 802 3033 in
837 2964 950 3034 littore
978 2964 1091 3054 maris,

75 3103 116 3169 et
143 3103 311 3168 uenerunt
344 3097 388 3168 od
421 3098 497 3169 illos
530 3103 706 3187 montes,
743 3100 905 3188 quisunt
932 3099 1093 3168 nominati

78 3224 260 3322 Didymi.
312 3227 362 3301 Et
387 3231 434 3303 ibi
464 3230 600 3303 orantes
626 3231 807 3304 manebunt
833 3251 933 3302 unani
960 3236 1093 3302 noctem

78 3363 154 3436 illio.
200 3363 251 3435 Et
275 3364 354 3436 intio
381 3365 579 3454 navigantes
606 3366 831 3437 veneruntad
855 3329 984 3453 urbem,
1006 3379 1091 3452 quae

78 3505 221 3572 uoostur
247 3495 463 3589 Neapolis.
495 3497 545 3571 lbi
573 3504 672 3571 erunt
701 3499 823 3570 multos
852 3498 934 3569 dies.
975 3496 1092 3568 lbiest

75 3631 177 3706 sedes
217 3623 475 3724 uthiepiseopi,
515 3637 552 3705 et
588 3647 711 3722 mogus
750 3630 895 3721 uiguitss
923 3631 995 3721 ejm
1022 3628 1091 3700 illio
