2782 4290
264 375 269 385 ‘
299 418 342 486 es

198 605 201 611 ’
297 619 393 672 sacer
423 597 481 671 ille
522 617 733 688 smnmusque
766 595 966 687 apostolicus
997 593 1150 687 pontifex
1185 596 1306 670 sobriis

299 752 490 807 sermonmn
521 729 653 802 indiciis
691 728 851 802 testando
895 728 1063 801 intimavit
1095 726 1302 821 willibaldo,

299 866 390 958 quod
425 867 562 937 sanctus
593 861 784 936 Bonifacius
813 862 956 953 rogabat
983 862 1092 952 illum,
1131 869 1168 935 nt
1196 865 1306 956 ipsum

298 997 529 1071 Willibaldum
556 1017 577 1070 a
604 996 726 1070 Sancto
741 995 927 1070 Benedicto
955 995 999 1067 ad
1018 996 1112 1068 illum
1138 997 1307 1072 adducere

297 1133 543 1225 pervenireque
569 1130 719 1222 fecisset,
760 1136 795 1202 et
832 1132 881 1203 sic
916 1130 1010 1202 illum
1047 1136 1128 1204 tunc
1156 1132 1307 1205 subsum-

297 1268 414 1339 matim
455 1265 498 1338 ad
532 1265 625 1336 illum
662 1265 697 1335 in
733 1264 869 1354 gentem
896 1263 1085 1337 hancorum
1113 1264 1305 1357 perficeret.

296 1400 446 1493 Cumque
474 1401 587 1491 itaque
621 1400 730 1470 sancti
757 1397 921 1471 Boniiacii
954 1400 1069 1472 votiva
1095 1402 1306 1472 voluntatum

297 1535 462 1609 desideria
489 1532 641 1606 dominus
678 1533 879 1624 apostolicus
909 1554 1000 1625 papa
1033 1531 1220 1624 Gregorius
1248 1535 1305 1609 111.

295 1668 490 1742 Willibaldo
507 1667 676 1758 indicavit,
705 1672 759 1740 ast
770 1667 909 1758 placidis
921 1667 1015 1739 illum
1031 1667 1305 1741 exhortationum

298 1802 444 1876 oraculis
469 1801 623 1893 rogando
651 1822 711 1874 seu
739 1801 977 1893 praecipiendo
993 1802 1175 1893 arcessivit,
1205 1807 1242 1874 ut
1264 1802 1307 1873 ad

295 1940 448 2010 sanctum
494 1934 707 2009 Bonifatium
752 1937 900 2026 veniret,
948 1943 1028 2009 tnnc
1069 1935 1127 2009 ille
1170 1936 1304 2010 inclitus

296 2069 423 2145 Christi
456 2069 585 2144 athleta
626 2068 838 2142 Willibaldus
873 2069 1095 2161 petitionibus
1133 2069 1307 2161 pontificis

296 2206 457 2300 simulque
480 2203 685 2298 jussionibus
712 2225 748 2277 se
775 2205 918 2276 solerter
941 2204 1192 2277 subsummatim
1208 2205 1307 2279 effec-

282 2344 365 2412 tum
393 2361 453 2414 seu
481 2338 710 2412 obedientiam
735 2339 899 2430 perficere
926 2339 1155 2430 promittebat,
1184 2338 1222 2432 si,
1252 2360 1306 2412 se-

298 2473 443 2547 cundum
477 2473 644 2562 regularis
676 2473 766 2545 vitae
795 2472 1017 2564 disciplinam,
1056 2473 1230 2545 licentiam
1256 2474 1305 2545 illi

296 2628 405 2680 asuo
431 2607 622 2699 postularet
664 2606 794 2678 abbate.
852 2605 1037 2699 Statimque
1075 2629 1223 2680 summus
1248 2607 1306 2680 ille

296 2745 431 2815 sanctae
472 2740 686 2812 auctoritatis
726 2740 878 2829 pontifex
914 2741 1102 2833 respondit,
1146 2741 1307 2833 illumque

296 2872 368 2948 sine
401 2873 635 2947 solhcitudinis
667 2874 887 2964 ambiguitate
928 2897 1080 2949 secenum
1118 2896 1193 2947 cnm
1226 2897 1307 2948 suae
1372 2945 1378 2965 ,

291 3008 451 3102 jussionis
477 3008 614 3080 licentia
641 3008 916 3083 obedientialiter
947 3031 1094 3103 pergere
1121 3010 1306 3101 praecepit,

296 3142 427 3215 dicens:
468 3142 554 3234 Quia
581 3143 608 3215 si
635 3143 728 3214 illurn
754 3145 862 3236 ipsum
896 3146 1052 3219 abbatem
1078 3144 1308 3217 Petronacem

296 3277 428 3367 uspiam
454 3277 683 3351 transmittere
716 3298 770 3351 me
803 3279 902 3371 libet,
946 3284 1039 3353 certe
1075 3279 1308 3353 conmadicere

220 3506 229 3517 ἡ
296 3412 377 3485 mihi
403 3412 570 3513 licentiam
606 3411 815 3503 nonhabet,
851 3433 914 3487 nec
939 3418 1157 3505 potestatem.
1217 3412 1308 3510 (lon-

296 3547 472 3639 festimque
499 3552 579 3619 tunc
598 3545 811 3618 Wilhbaldus
837 3549 939 3620 sacris
966 3568 1159 3621 sennodum
1187 3547 1308 3620 exhor·

209 3677 211 3680 ’
292 3682 476 3756 tationibus
504 3700 700 3755 consensmn
728 3685 830 3772 atque
858 3680 1015 3757 effectmn
1052 3702 1089 3755 se
1116 3687 1308 3774 spontanee
