2782 4290
1134 425 1205 493 ‘275

193 605 376 692 hocloco,
410 608 449 672 ut
477 603 572 693 ajunt
601 603 752 691 quidam,
789 602 958 675 dormiens
985 601 1092 676 Jacob
1121 607 1204 679 vidit

193 726 330 826 scalam,
359 739 492 827 quando
521 737 615 809 dixit:
654 735 829 806 Terribilis
857 741 906 806 est
933 736 1025 808 locus
1051 737 1130 829 aste,
1171 745 1209 828 et¹

193 870 376 960 appellavit
402 871 510 941 locum
538 871 682 942 eundem
710 869 847 959 Betbel,
890 871 947 960 qui
980 874 1081 941 antea
1110 871 1203 945 Lura

194 1004 398 1092 vocabatur,
453 1010 488 1074 et
542 1003 830 1092 interpretabatur
882 1001 1053 1074 Dominus
1100 1003 1201 1076 caolet.

195 1137 339 1227 Quidam
367 1158 450 1209 vero
484 1137 598 1208 dicunt
631 1138 665 1207 in
698 1140 812 1206 monte
839 1133 1032 1226 calvariae,
1068 1138 1103 1208 in
1135 1160 1202 1228 quo

196 1291 259 1359 ego
299 1266 510 1342 lohannes
558 1270 739 1340 Poloner
788 1269 984 1342 novissimus
1029 1269 1204 1342 historiam

193 1404 387 1497 hujusmodi
407 1403 641 1474 immolationis
664 1402 732 1473 vidi
745 1402 912 1493 depictam
932 1424 1037 1492 opere
1054 1405 1202 1476 musaico

195 1558 235 1610 eo
263 1539 297 1607 in
324 1538 408 1624 loco,
438 1536 495 1607 ubi
515 1534 666 1607 Christus
690 1536 878 1608 immolatus
898 1542 959 1608 est.
1017 1535 1072 1608 Sic
1100 1538 1203 1609 etiam
1261 1597 1263 1602 .

194 1692 213 1740 a
230 1670 428 1760 quibusdam
447 1669 575 1759 dicitur,
598 1668 687 1759 quod
705 1669 811 1757 loona,
833 1670 891 1741 ubi
909 1670 1014 1742 Jacob
1034 1669 1202 1742 dormiens
1264 1727 1266 1731 ¹

193 1805 274 1876 vidit
302 1804 436 1891 scalam,
465 1801 508 1872 sit
534 1823 629 1872 mons
649 1801 762 1874 lldoria
789 1803 860 1874 sive
895 1825 988 1875 mons
1021 1803 1203 1876 herbarum

192 1930 438 2036 (Abraham‘l),
473 1937 506 2004 in
548 1957 614 2024 quo
647 1942 769 2025 postea
811 1936 972 2026 templum
1005 1935 1141 2007 Domini
1182 1956 1203 2007 a

190 2070 369 2142 Salomone
397 2067 499 2139 fuerit
527 2073 763 2140 constructum.

269 2203 440 2292 Planities,
472 2223 557 2291 quae
587 2208 637 2274 est
664 2203 755 2275 inter
781 2202 964 2274 Jordanem
993 2206 1029 2273 et
1047 2201 1196 2292 Jericho,

189 2342 328 2409 vocatur
349 2335 542 2426 Galgala‚
572 2356 593 2407 a
620 2357 688 2425 qna
706 2357 768 2425 per
789 2335 959 2406 dimidiam
976 2336 1104 2407 leucam
1133 2335 1199 2406 dis-

188 2477 239 2542 tat
266 2490 361 2541 mons
392 2469 710 2560 Quarentenao,
749 2470 805 2542 ubi
839 2469 1003 2540 Dominus
1032 2467 1202 2560 jejunavit

188 2603 409 2695 quadraginta
438 2603 564 2693 diebus,
594 2604 706 2693 ibique
735 2608 882 2674 tentatus
910 2602 1090 2673 adiabolo.
1130 2600 1199 2671 Alii

189 2739 313 2826 dicunt,
338 2737 429 2826 quod
457 2737 503 2807 sit
530 2736 586 2807 ille
614 2757 708 2807 mons
736 2738 825 2809 altus
853 2758 970 2808 versus
998 2734 1199 2824 GaHIaeam,

188 2872 313 2943 distans
347 2892 368 2940 o
400 2871 574 2960 praedicto
608 2874 721 2941 monte
755 2870 838 2942 duas
874 2870 1001 2960 leucas,
1036 2869 1069 2939 in
1107 2868 1201 2959 cujus

186 3004 355 3075 cacumine
383 3004 447 3075 fuit
476 3004 616 3093 capella.
676 3003 800 3075 lbidem
835 3004 983 3076 ostendit
1018 3002 1048 3072 ei
1090 3001 1201 3072 omnia
1315 3029 1316 3032 ¹

186 3158 301 3226 regna.
369 3136 435 3208 Sub
475 3136 540 3208 isto
586 3141 700 3205 monte
753 3136 861 3207 oritur
892 3145 942 3207 et
989 3136 1064 3206 lluit
1108 3135 1201 3204 fons

186 3269 398 3360 Helisaei,
433 3291 533 3360 quem
562 3269 604 3341 de
636 3289 750 3339 amaro
779 3269 910 3340 dulcem
948 3274 982 3341 et
1018 3266 1201 3358 potabilem

185 3403 278 3476 fecit.
333 3403 385 3474 De
403 3400 545 3492 Galgala
572 3423 634 3492 per
660 3424 760 3473 unam
779 3403 909 3474 leucam
931 3397 1199 3487 fuitJerioho,

186 3538 309 3608 civitas
338 3535 505 3627 quondam
533 3536 663 3625 nobilis,
693 3556 781 3606 nunc
810 3557 891 3609 vero
919 3537 967 3606 ito
994 3532 1136 3618 humilis,
1165 3534 1203 3600 ut

186 3691 248 3741 nec
278 3671 456 3758 vestigium
483 3671 541 3760 sit,
581 3668 671 3759 quod
699 3667 764 3738 luit
798 3668 928 3741 civitas:
965 3667 1006 3737 de
1040 3685 1106 3755 qua
1139 3663 1204 3733 fuit

995 3782 1061 3849 18*
