2782 4290
172 406 215 470 70

174 607 276 658 mam
309 583 458 701 repetiit.
434 579 596 654 tInde
631 600 694 672 per
733 574 963 651 Sebastiam
1005 571 1186 666 sepulchro

169 718 332 792 Jehannis
348 693 535 807 Baptistae,
566 712 724 806 quamvls
751 717 899 801 tempore
916 706 1056 778 Jalioai
1083 729 1186 798 opos-

170 856 261 939 totoe
294 850 426 938 diruto,
463 868 502 921 ac
535 847 687 938 reliquiis
718 844 964 937 prophetarum
990 838 1122 914 Abdiae
1152 847 1187 912 et
1230 825 1232 828 ⁴

171 983 322 1057 Helisaei
348 1004 394 1074 pu
395 986 533 1073 t,eoque
563 981 622 1052 ubi
650 979 813 1052 Dominus
852 979 970 1069 potum
999 996 1019 1046 a
1045 976 1185 1048 samari-

169 1125 250 1191 tana
309 1115 477 1208 petierat,
536 1115 672 1204 claram,
717 1111 810 1193 uiso
864 1113 1001 1181 tacete
1058 1104 1185 1180 Gort—

170 1251 268 1339 ar'm,
310 1250 344 1320 io
387 1269 454 1340 quo
496 1249 702 1322 samaritana
741 1250 862 1336 patres
903 1241 1185 1315 samaritanorum

170 1383 314 1457 orationi
365 1382 539 1455 indulsisse
590 1381 740 1453 dixerat:
791 1379 836 1450 ad
887 1381 988 1469 caput
1030 1378 1185 1452 Libani

165 1538 199 1588 m
214 1515 326 1589 ontis
354 1515 445 1606 Tyro
482 1516 643 1605 vicinum,
682 1514 877 1602 contiguum
904 1511 1026 1603 monti,
1062 1532 1184 1585 saevos

167 1649 301 1722 leonem
327 1649 474 1740 impetus
501 1651 536 1722 in
563 1649 621 1722 via
649 1647 739 1740 passi
766 1647 915 1719 veniunt.
971 1645 1063 1741 Inde,
1093 1646 1204 1738 apud

164 1782 314 1874 Tyrum
341 1782 396 1854 diu
438 1785 635 1875 exspectata
672 1781 771 1875 navi,
812 1780 969 1866 inchoato
1003 1780 1037 1852 in
1070 1781 1212 1854 natale·

163 1938 189 1990 s.
217 1915 378 1988 Andreae
406 1917 553 2010 navigio,
584 1935 651 2006 per
676 1919 784 1986 totam
811 1913 1011 2004 navigantes
1024 1914 1182 2005 hiemem,

132 2146 135 2153 ν
165 2050 224 2121 eia
251 2048 412 2144 proximo
439 2058 516 2123 ante
544 2050 669 2144 paseha
682 2047 875 2144 septimane
889 2054 1056 2122 venerunt
1084 2045 1185 2121 Con-

165 2183 499 2276 stantinopolim
526 2189 723 2256 sanctorum
751 2184 981 2273 apostolorum
1004 2182 1178 2275 Andreae,

164 2317 332 2391 Timothei
359 2321 395 2389 et
421 2315 536 2389 Lucae
552 2317 796 2408 Evangelistae
825 2322 860 2391 et
877 2316 1042 2404 iohannis
1070 2316 1181 2409 Chry-

165 2449 302 2523 sostomi
328 2448 480 2540 reliquiis
515 2451 693 2522 celebrem.
750 2450 802 2524 Ibi
829 2452 1000 2528 biennium
1029 2456 1180 2525 moratus

162 2581 401 2655 transfretavit
429 2582 563 2655 interim
591 2583 804 2677 Nicaeam,
834 2585 1024 2678 Bithyniae
1049 2586 1178 2676 arbem,

164 2718 222 2791 ubi
238 2714 482 2789 Constantinus
509 2716 553 2788 ad
581 2719 812 2791 ventilendam
832 2716 915 2792 Arte·
942 2716 1180 2795 etAtdoaase'i

164 2845 401 2922 Alexandrini
415 2850 589 2945 praesolis
605 2854 869 2927 controuersiam
896 2860 1031 2928 centum
1059 2822 1178 2930 decem

163 2989 198 3056 et
225 2987 300 3057 octo
329 2983 502 3077 episcopos
537 2985 691 3078 collegit,
728 2989 842 3080 ibique
871 2994 924 3064 est
953 2990 1113 3082 ecclesia,
1143 2991 1176 3064 in

162 3138 228 3208 qua
262 3116 305 3189 ad
338 3118 500 3209 synodum
528 3122 771 3214 consederunt,
802 3127 894 3196 tecto
923 3145 1041 3198 carens
1068 3125 1176 3199 instar

159 3251 257 3343 illius,
289 3271 374 3342 quae
403 3253 470 3324 sita
496 3259 549 3326 est
576 3255 611 3325 in
645 3261 757 3329 monte
787 3254 923 3330 Oliveti.
980 3255 1174 3332 Constanti-

160 3373 317 3477 nopolim
341 3407 531 3478 regressm,
573 3410 728 3463 remenso
768 3392 869 3466 maris
910 3395 1068 3487 transitu,
1111 3418 1174 3488 per

159 3517 291 3593 Siciliae
331 3520 432 3592 urbes
475 3521 663 3614 Capuam
704 3524 931 3623 (Syracusas),
970 3525 1172 3604 Gatanam
1263 3549 1265 3554 ·
