2782 4290
1012 409 1075 475 183

56 578 227 651 residium
254 580 343 654 illius
368 580 492 672 lapidis
519 585 553 654 in
581 584 707 657 honore
731 584 908 659 salvatoris
935 589 1076 661 ecelesia

58 713 232 804 quaedam
259 719 452 788 eonstmeta
478 720 541 787 est.

143 842 274 919 Octavo
301 848 456 920 milliario
485 869 505 920 a
531 848 622 939 Tyro
656 855 773 923 contra
799 854 1073 946 septentrionem,

58 1000 165 1072 supra
197 1001 307 1072 mare,
343 979 513 1072 sarphen,
560 982 650 1072 quod
690 988 741 1055 est
774 983 948 1075 Sarepta
980 985 1076 1058 Sido-

58 1114 149 1204 niae,
178 1113 213 1185 in
242 1135 308 1205 quo
337 1116 505 1205 quondam
532 1114 695 1187 habitavit
721 1118 889 1207 propheta
907 1118 1013 1211 Elias
1042 1125 1078 1192 et
1147 1094 1151 1101 ⁵

64 1249 100 1319 in
128 1267 198 1338 quo
225 1248 442 1320 resuscitavit
469 1246 573 1321 filium
601 1249 733 1340 viduae,
762 1249 884 1323 Jonam
906 1253 1077 1325 videlicet:

64 1401 154 1473 quae
188 1402 267 1453 eum
301 1380 517 1471 cohospitata
549 1380 661 1454 fuerat
701 1390 736 1456 et
769 1385 910 1458 caritate
944 1385 1079 1458 foverat

63 1520 100 1589 et
133 1521 288 1605 paverat.
358 1513 461 1587 Sexto
501 1516 657 1587 milliario
695 1537 715 1588 a
748 1517 901 1609 Sarphen
934 1518 1077 1612 Sidon,

64 1649 205 1739 egregia
240 1647 369 1744 civitas,
408 1669 449 1721 ex
477 1649 675 1741 11111111,
715 1672 802 1741 quae
837 1650 1078 1741 Carthaginem

62 1782 214 1856 condidit
248 1781 282 1853 in
316 1780 443 1854 Africa.
501 1781 602 1854 Sexto
631 1784 762 1857 decimo
795 1785 950 1858 milliario
979 1784 1077 1858 181-

64 1917 155 1990 done
183 1915 388 2013 Berytus,
418 1917 671 2007 opulentissima
699 1918 825 1992 civitas.
881 1920 920 1990 In
947 1919 1077 2011 Beryto

63 2050 233 2144 quaedam
260 2051 437 2124 salvatoris
464 2052 570 2124 nostri
598 2051 705 2123 iconia
736 2072 805 2123 non
832 2052 973 2123 multum
1000 2058 1076 2143 post

63 2187 255 2278 passionem
283 2185 372 2278 ejus,
401 2186 445 2257 nd
471 2185 687 2276 ignominiam
714 2185 802 2280 ejus,
832 2205 852 2256 a
879 2185 1080 2277 quibusdam

60 2319 200 2413 judaeis
227 2317 408 2393 ridiculose
429 2320 519 2391 cruci
546 2319 611 2393 fixa
637 2319 832 2408 sanguinem
859 2320 1020 2409 produxit
1043 2323 1079 2390 et

64 2475 198 2548 aquam,
227 2453 317 2524 unde
346 2458 382 2524 et
409 2453 506 2525 multi
533 2454 567 2524 in
586 2473 667 2526 vero
685 2451 841 2524 crucifixo
861 2453 1077 2525 crediderunt

63 2587 242 2681 baptizati.
299 2586 495 2677 Quicunque
523 2587 627 2659 etiam
655 2608 696 2659 ex
723 2588 815 2660 stilla
841 2586 972 2659 iconiae
1003 2607 1080 2677 per-

65 2722 171 2812 uncti,
209 2740 231 2792 a
265 2740 460 2813 quacunque
499 2725 726 2810 gravarentur
757 2719 970 2812 infirmitate,
1009 2720 1082 2792 sani

66 2854 312 2928 reddebantur.
367 2852 535 2945 Arphat
560 2854 640 2927 urbs
666 2854 834 2927 Damasei.
897 2963 901 2969 Δ

68 3065 115 3132 25.
155 3064 339 3142 Demessus,
363 3062 521 3146 Idumaea,
547 3064 623 3144 Hos,
648 3064 756 3144 Sueto,
785 3061 908 3139 1111111,
932 3061 1083 3143 Naaman,

154 3171 276 3238 fluvius
298 3169 407 3252 11111,
429 3188 517 3238 mons
541 3172 620 3252 seir,
649 3171 765 3237 iterum
790 3170 970 3248 nanasms,
994 3184 1082 3234 mons

156 3279 309 3358 Libanus,
334 3276 504 3360 Pharphar
527 3280 560 3345 et
582 3279 697 3345 Abana
719 3276 823 3357 111111,
850 3279 966 3359 portus
989 3292 1014 3341 1.
1040 3274 1083 3341 si-

156 3386 296 3464 meonis,
328 3384 518 3467 antioona,
542 3385 681 3468 Paneas,
705 3383 827 3463 Aulon,
850 3381 936 3461 Dan,
960 3379 1082 3460 111111,

158 3497 228 3576 111,
252 3509 341 3560 maro
363 3490 532 3560 Galilaeae.

151 3658 383 3732 Damascus
416 3659 452 3730 in
488 3656 600 3750 Syria,
636 3658 679 3729 de
709 3675 777 3746 qua
811 3651 961 3724 historia.
1017 3649 1086 3722 Da
