<?xml version="1.0" encoding="UTF-8"?>
<!DOCTYPE html PUBLIC "-//W3C//DTD XHTML 1.0 Transitional//EN"
    "http://www.w3.org/TR/xhtml1/DTD/xhtml1-transitional.dtd">
<html xmlns="http://www.w3.org/1999/xhtml" xml:lang="en" lang="en">
 <head>
  <title>
</title>
<meta http-equiv="Content-Type" content="text/html;charset=utf-8" />
  <meta name='ocr-system' content='tesseract 3.04.00' />
  <meta name='ocr-capabilities' content='ocr_page ocr_carea ocr_par ocr_line ocrx_word'/>
</head>
<body>
  <div class='ocr_page' id='page_1' title='image "./descriptioneste01toblgoog_0116.png"; bbox 0 0 2782 4290; ppageno 0'>
   <div class='ocr_carea' id='block_1_1' title="bbox 1131 389 1194 454">
    <p class='ocr_par' dir='ltr' id='par_1_1' title="bbox 1131 389 1194 454">
     <span class='ocr_line' id='line_1_1' title="bbox 1131 389 1194 454; baseline 0 0"><span class='ocrx_word' id='word_1_1' title='bbox 1131 389 1194 454; x_wconf 79' lang='lat' dir='ltr'><strong>loa</strong></span> 
     </span>
    </p>
   </div>
   <div class='ocr_carea' id='block_1_2' title="bbox 185 548 1216 2937">
    <p class='ocr_par' dir='ltr' id='par_1_2' title="bbox 185 548 1216 2937">
     <span class='ocr_line' id='line_1_2' title="bbox 187 548 1201 660; baseline -0.002 -18"><span class='ocrx_word' id='word_1_2' title='bbox 187 568 265 644; x_wconf 88' lang='lat' dir='ltr'><strong>fine.</strong></span> <span class='ocrx_word' id='word_1_3' title='bbox 303 567 387 641; x_wconf 90' lang='lat' dir='ltr'><strong>Inde</strong></span> <span class='ocrx_word' id='word_1_4' title='bbox 416 574 468 640; x_wconf 89' lang='lat' dir='ltr'><strong>est</strong></span> <span class='ocrx_word' id='word_1_5' title='bbox 496 569 610 659; x_wconf 85' lang='lat' dir='ltr'><strong>etiam,</strong></span> <span class='ocrx_word' id='word_1_6' title='bbox 640 548 732 659; x_wconf 88' lang='lat' dir='ltr'><strong>quod</strong></span> <span class='ocrx_word' id='word_1_7' title='bbox 760 588 823 656; x_wconf 85' lang='lat' dir='ltr'><strong>ego</strong></span> <span class='ocrx_word' id='word_1_8' title='bbox 851 568 1201 660; x_wconf 85' lang='lat' dir='ltr'><strong>inhierosolymitana</strong></span> 
     </span>
     <span class='ocr_line' id='line_1_3' title="bbox 186 701 1199 795; baseline 0.003 -21"><span class='ocrx_word' id='word_1_9' title='bbox 186 723 327 776; x_wconf 87' lang='lat' dir='ltr'><strong>manens</strong></span> <span class='ocrx_word' id='word_1_10' title='bbox 369 702 641 795; x_wconf 83' lang='lat' dir='ltr'><strong>peregrinatione</strong></span> <span class='ocrx_word' id='word_1_11' title='bbox 686 722 748 794; x_wconf 84' lang='lat' dir='ltr'><strong>pro</strong></span> <span class='ocrx_word' id='word_1_12' title='bbox 789 701 923 774; x_wconf 88' lang='lat' dir='ltr'><strong>Domini</strong></span> <span class='ocrx_word' id='word_1_13' title='bbox 963 704 1071 776; x_wconf 86' lang='lat' dir='ltr'><strong>nostri</strong></span> <span class='ocrx_word' id='word_1_14' title='bbox 1115 701 1199 777; x_wconf 85' lang='lat' dir='ltr'><strong>Jesu</strong></span> 
     </span>
     <span class='ocr_line' id='line_1_4' title="bbox 187 835 1200 927; baseline -0.002 -17"><span class='ocrx_word' id='word_1_15' title='bbox 187 835 315 912; x_wconf 81' lang='lat' dir='ltr'><strong>christi</strong></span> <span class='ocrx_word' id='word_1_16' title='bbox 346 856 479 927; x_wconf 88' lang='lat' dir='ltr'><strong>amore,</strong></span> <span class='ocrx_word' id='word_1_17' title='bbox 514 837 565 909; x_wconf 93' lang='lat' dir='ltr'><strong>tui</strong></span> <span class='ocrx_word' id='word_1_18' title='bbox 597 842 710 911; x_wconf 85' lang='lat' dir='ltr'><strong>tamen</strong></span> <span class='ocrx_word' id='word_1_19' title='bbox 737 835 892 925; x_wconf 65' lang='lat' dir='ltr'><strong>absentis,</strong></span> <span class='ocrx_word' id='word_1_20' title='bbox 920 857 987 909; x_wconf 95' lang='lat' dir='ltr'><strong>non</strong></span> <span class='ocrx_word' id='word_1_21' title='bbox 1015 839 1200 927; x_wconf 89' lang='lat' dir='ltr'><strong>immemor,</strong></span> 
     </span>
     <span class='ocr_line' id='line_1_5' title="bbox 187 970 1202 1064; baseline 0 -20"><span class='ocrx_word' id='word_1_22' title='bbox 187 971 377 1045; x_wconf 84' lang='lat' dir='ltr'><strong>dilectionis</strong></span> <span class='ocrx_word' id='word_1_23' title='bbox 404 976 483 1044; x_wconf 90' lang='lat' dir='ltr'><strong>tuae</strong></span> <span class='ocrx_word' id='word_1_24' title='bbox 512 991 617 1044; x_wconf 88' lang='lat' dir='ltr'><strong>eausa</strong></span> <span class='ocrx_word' id='word_1_25' title='bbox 643 972 719 1045; x_wconf 86' lang='lat' dir='ltr'><strong>loca</strong></span> <span class='ocrx_word' id='word_1_26' title='bbox 737 970 951 1064; x_wconf 80' lang='lat' dir='ltr'><strong>venerabilia,</strong></span> <span class='ocrx_word' id='word_1_27' title='bbox 980 991 1067 1064; x_wconf 91' lang='lat' dir='ltr'><strong>quae</strong></span> <span class='ocrx_word' id='word_1_28' title='bbox 1085 971 1202 1044; x_wconf 90' lang='lat' dir='ltr'><strong>Domi-</strong></span> 
     </span>
     <span class='ocr_line' id='line_1_6' title="bbox 187 1105 1201 1196; baseline 0.002 -19"><span class='ocrx_word' id='word_1_29' title='bbox 187 1127 251 1177; x_wconf 85' lang='lat' dir='ltr'><strong>nus</strong></span> <span class='ocrx_word' id='word_1_30' title='bbox 279 1109 405 1196; x_wconf 88' lang='lat' dir='ltr'><strong>noster,</strong></span> <span class='ocrx_word' id='word_1_31' title='bbox 433 1105 549 1179; x_wconf 89' lang='lat' dir='ltr'><strong>mundi</strong></span> <span class='ocrx_word' id='word_1_32' title='bbox 576 1105 734 1196; x_wconf 80' lang='lat' dir='ltr'><strong>sdvator,</strong></span> <span class='ocrx_word' id='word_1_33' title='bbox 764 1125 832 1178; x_wconf 88' lang='lat' dir='ltr'><strong>una</strong></span> <span class='ocrx_word' id='word_1_34' title='bbox 859 1125 935 1178; x_wconf 89' lang='lat' dir='ltr'><strong>oum</strong></span> <span class='ocrx_word' id='word_1_35' title='bbox 968 1105 1201 1195; x_wconf 82' lang='lat' dir='ltr'><strong>gloriosage-</strong></span> 
     </span>
     <span class='ocr_line' id='line_1_7' title="bbox 186 1238 1216 1345; baseline 0.001 -34"><span class='ocrx_word' id='word_1_36' title='bbox 186 1240 308 1314; x_wconf 85' lang='lat' dir='ltr'><strong>nitrice</strong></span> <span class='ocrx_word' id='word_1_37' title='bbox 335 1259 398 1311; x_wconf 90' lang='lat' dir='ltr'><strong>sua</strong></span> <span class='ocrx_word' id='word_1_38' title='bbox 425 1238 547 1330; x_wconf 85' lang='lat' dir='ltr'><strong>Maria,</strong></span> <span class='ocrx_word' id='word_1_39' title='bbox 576 1239 709 1330; x_wconf 82' lang='lat' dir='ltr'><strong>virgine</strong></span> <span class='ocrx_word' id='word_1_40' title='bbox 735 1244 909 1331; x_wconf 82' lang='lat' dir='ltr'><strong>perpetua,</strong></span> <span class='ocrx_word' id='word_1_41' title='bbox 939 1243 976 1311; x_wconf 92' lang='lat' dir='ltr'><strong>et</strong></span> <span class='ocrx_word' id='word_1_42' title='bbox 1002 1260 1078 1312; x_wconf 86' lang='lat' dir='ltr'><strong>eum</strong></span> <span class='ocrx_word' id='word_1_43' title='bbox 1104 1260 1216 1345; x_wconf 21' lang='lat' dir='ltr'><strong>reve-¹</strong></span> 
     </span>
     <span class='ocr_line' id='line_1_8' title="bbox 187 1373 1202 1467; baseline 0 -22"><span class='ocrx_word' id='word_1_44' title='bbox 187 1373 295 1445; x_wconf 92' lang='lat' dir='ltr'><strong>rendo</strong></span> <span class='ocrx_word' id='word_1_45' title='bbox 323 1373 565 1467; x_wconf 83' lang='lat' dir='ltr'><strong>discipulorum</strong></span> <span class='ocrx_word' id='word_1_46' title='bbox 586 1393 722 1447; x_wconf 92' lang='lat' dir='ltr'><strong>suorum</strong></span> <span class='ocrx_word' id='word_1_47' title='bbox 750 1373 891 1463; x_wconf 82' lang='lat' dir='ltr'><strong>collegio</strong></span> <span class='ocrx_word' id='word_1_48' title='bbox 910 1373 1081 1465; x_wconf 86' lang='lat' dir='ltr'><strong>corporali</strong></span> <span class='ocrx_word' id='word_1_49' title='bbox 1107 1394 1202 1446; x_wconf 88' lang='lat' dir='ltr'><strong>sanc·</strong></span> 
     </span>
     <span class='ocr_line' id='line_1_9' title="bbox 188 1505 1202 1600; baseline -0.001 -22"><span class='ocrx_word' id='word_1_50' title='bbox 188 1505 331 1580; x_wconf 84' lang='lat' dir='ltr'><strong>titicavit</strong></span> <span class='ocrx_word' id='word_1_51' title='bbox 358 1508 561 1600; x_wconf 87' lang='lat' dir='ltr'><strong>praesentia,</strong></span> <span class='ocrx_word' id='word_1_52' title='bbox 591 1507 772 1600; x_wconf 81' lang='lat' dir='ltr'><strong>praecipue</strong></span> <span class='ocrx_word' id='word_1_53' title='bbox 800 1507 835 1577; x_wconf 95' lang='lat' dir='ltr'><strong>in</strong></span> <span class='ocrx_word' id='word_1_54' title='bbox 863 1508 996 1581; x_wconf 87' lang='lat' dir='ltr'><strong>civitate</strong></span> <span class='ocrx_word' id='word_1_55' title='bbox 1014 1507 1202 1580; x_wconf 78' lang='lat' dir='ltr'><strong>sanctule-</strong></span> 
     </span>
     <span class='ocr_line' id='line_1_10' title="bbox 188 1640 1201 1734; baseline -0.001 -20"><span class='ocrx_word' id='word_1_56' title='bbox 188 1642 348 1732; x_wconf 86' lang='lat' dir='ltr'><strong>rusalem,</strong></span> <span class='ocrx_word' id='word_1_57' title='bbox 377 1645 505 1733; x_wconf 90' lang='lat' dir='ltr'><strong>quanto</strong></span> <span class='ocrx_word' id='word_1_58' title='bbox 534 1640 720 1733; x_wconf 82' lang='lat' dir='ltr'><strong>expressius</strong></span> <span class='ocrx_word' id='word_1_59' title='bbox 748 1645 783 1712; x_wconf 93' lang='lat' dir='ltr'><strong>et</strong></span> <span class='ocrx_word' id='word_1_60' title='bbox 808 1640 990 1713; x_wconf 81' lang='lat' dir='ltr'><strong>studiosius</strong></span> <span class='ocrx_word' id='word_1_61' title='bbox 1016 1642 1114 1734; x_wconf 83' lang='lat' dir='ltr'><strong>potui</strong></span> <span class='ocrx_word' id='word_1_62' title='bbox 1142 1642 1201 1713; x_wconf 93' lang='lat' dir='ltr'><strong>de-</strong></span> 
     </span>
     <span class='ocr_line' id='line_1_11' title="bbox 186 1751 1199 1867; baseline -0.001 -21"><span class='ocrx_word' id='word_1_63' title='bbox 186 1775 337 1847; x_wconf 88' lang='lat' dir='ltr'><strong>notando</strong></span> <span class='ocrx_word' id='word_1_64' title='bbox 364 1751 399 1847; x_wconf 74' lang='lat' dir='ltr'><strong>ir&#39;r</strong></span> <span class='ocrx_word' id='word_1_65' title='bbox 428 1777 476 1848; x_wconf 90' lang='lat' dir='ltr'><strong>eis</strong></span> <span class='ocrx_word' id='word_1_66' title='bbox 503 1775 669 1866; x_wconf 74' lang='lat' dir='ltr'><strong>lauta-et</strong></span> <span class='ocrx_word' id='word_1_67' title='bbox 684 1775 928 1866; x_wconf 87' lang='lat' dir='ltr'><strong>epigrammata</strong></span> <span class='ocrx_word' id='word_1_68' title='bbox 943 1776 1014 1848; x_wconf 89' lang='lat' dir='ltr'><strong>sive</strong></span> <span class='ocrx_word' id='word_1_69' title='bbox 1035 1776 1199 1867; x_wconf 84' lang='lat' dir='ltr'><strong>prosaice,</strong></span> 
     </span>
     <span class='ocr_line' id='line_1_12' title="bbox 186 1906 1200 2000; baseline -0.001 -19"><span class='ocrx_word' id='word_1_70' title='bbox 186 1909 260 1981; x_wconf 82' lang='lat' dir='ltr'><strong>sive</strong></span> <span class='ocrx_word' id='word_1_71' title='bbox 287 1907 429 1981; x_wconf 85' lang='lat' dir='ltr'><strong>metriae</strong></span> <span class='ocrx_word' id='word_1_72' title='bbox 457 1909 536 2000; x_wconf 90' lang='lat' dir='ltr'><strong>styli</strong></span> <span class='ocrx_word' id='word_1_73' title='bbox 563 1907 676 1981; x_wconf 83' lang='lat' dir='ltr'><strong>officio</strong></span> <span class='ocrx_word' id='word_1_74' title='bbox 705 1906 867 1998; x_wconf 83' lang='lat' dir='ltr'><strong>colligere</strong></span> <span class='ocrx_word' id='word_1_75' title='bbox 894 1908 1060 1980; x_wconf 88' lang='lat' dir='ltr'><strong>laboravi.</strong></span> <span class='ocrx_word' id='word_1_76' title='bbox 1090 1907 1200 1999; x_wconf 81' lang='lat' dir='ltr'><strong>Quam</strong></span> 
     </span>
     <span class='ocr_line' id='line_1_13' title="bbox 186 2040 1201 2136; baseline 0 -23"><span class='ocrx_word' id='word_1_77' title='bbox 186 2041 450 2133; x_wconf 83' lang='lat' dir='ltr'><strong>descriptionem</strong></span> <span class='ocrx_word' id='word_1_78' title='bbox 476 2042 538 2114; x_wconf 93' lang='lat' dir='ltr'><strong>tibi</strong></span> <span class='ocrx_word' id='word_1_79' title='bbox 565 2047 744 2136; x_wconf 86' lang='lat' dir='ltr'><strong>acceptam</strong></span> <span class='ocrx_word' id='word_1_80' title='bbox 770 2040 844 2113; x_wconf 85' lang='lat' dir='ltr'><strong>fore</strong></span> <span class='ocrx_word' id='word_1_81' title='bbox 858 2041 1010 2130; x_wconf 88' lang='lat' dir='ltr'><strong>aestimo,</strong></span> <span class='ocrx_word' id='word_1_82' title='bbox 1039 2042 1117 2114; x_wconf 87' lang='lat' dir='ltr'><strong>ideo</strong></span> <span class='ocrx_word' id='word_1_83' title='bbox 1137 2043 1201 2114; x_wconf 83' lang='lat' dir='ltr'><strong>sci·</strong></span> 
     </span>
     <span class='ocr_line' id='line_1_14' title="bbox 185 2174 1196 2267; baseline 0.001 -22"><span class='ocrx_word' id='word_1_84' title='bbox 185 2175 279 2266; x_wconf 84' lang='lat' dir='ltr'><strong>lieet,</strong></span> <span class='ocrx_word' id='word_1_85' title='bbox 309 2176 389 2266; x_wconf 90' lang='lat' dir='ltr'><strong>quia</strong></span> <span class='ocrx_word' id='word_1_86' title='bbox 416 2174 593 2249; x_wconf 84' lang='lat' dir='ltr'><strong>evidenter</strong></span> <span class='ocrx_word' id='word_1_87' title='bbox 629 2176 759 2265; x_wconf 87' lang='lat' dir='ltr'><strong>singula</strong></span> <span class='ocrx_word' id='word_1_88' title='bbox 790 2195 854 2267; x_wconf 89' lang='lat' dir='ltr'><strong>per</strong></span> <span class='ocrx_word' id='word_1_89' title='bbox 881 2194 954 2246; x_wconf 90' lang='lat' dir='ltr'><strong>eam</strong></span> <span class='ocrx_word' id='word_1_90' title='bbox 981 2178 1099 2247; x_wconf 89' lang='lat' dir='ltr'><strong>notata</strong></span> <span class='ocrx_word' id='word_1_91' title='bbox 1126 2175 1196 2265; x_wconf 91' lang='lat' dir='ltr'><strong>tibi,</strong></span> 
     </span>
     <span class='ocr_line' id='line_1_15' title="bbox 188 2307 1199 2401; baseline -0.004 -19"><span class='ocrx_word' id='word_1_92' title='bbox 188 2308 392 2399; x_wconf 88' lang='lat' dir='ltr'><strong>quandoque</strong></span> <span class='ocrx_word' id='word_1_93' title='bbox 426 2308 541 2382; x_wconf 91' lang='lat' dir='ltr'><strong>divina</strong></span> <span class='ocrx_word' id='word_1_94' title='bbox 566 2309 784 2401; x_wconf 81' lang='lat' dir='ltr'><strong>inspiratione</strong></span> <span class='ocrx_word' id='word_1_95' title='bbox 813 2312 848 2380; x_wconf 88' lang='lat' dir='ltr'><strong>et</strong></span> <span class='ocrx_word' id='word_1_96' title='bbox 874 2307 1020 2379; x_wconf 88' lang='lat' dir='ltr'><strong>tuitione</strong></span> <span class='ocrx_word' id='word_1_97' title='bbox 1047 2308 1113 2380; x_wconf 85' lang='lat' dir='ltr'><strong>huo</strong></span> <span class='ocrx_word' id='word_1_98' title='bbox 1141 2328 1199 2382; x_wconf 90' lang='lat' dir='ltr'><strong>ve·</strong></span> 
     </span>
     <span class='ocr_line' id='line_1_16' title="bbox 187 2440 1201 2543; baseline -0.001 -29"><span class='ocrx_word' id='word_1_99' title='bbox 187 2441 313 2531; x_wconf 83' lang='lat' dir='ltr'><strong>nienti,</strong></span> <span class='ocrx_word' id='word_1_100' title='bbox 348 2442 480 2532; x_wconf 88' lang='lat' dir='ltr'><strong>sponte</strong></span> <span class='ocrx_word' id='word_1_101' title='bbox 503 2448 540 2516; x_wconf 90' lang='lat' dir='ltr'><strong>et</strong></span> <span class='ocrx_word' id='word_1_102' title='bbox 573 2444 645 2516; x_wconf 90' lang='lat' dir='ltr'><strong>sine</strong></span> <span class='ocrx_word' id='word_1_103' title='bbox 679 2441 908 2543; x_wconf 84' lang='lat' dir='ltr'><strong>inquisitionis</strong></span> <span class='ocrx_word' id='word_1_104' title='bbox 930 2460 1025 2513; x_wconf 90' lang='lat' dir='ltr'><strong>mora</strong></span> <span class='ocrx_word' id='word_1_105' title='bbox 1052 2447 1087 2513; x_wconf 92' lang='lat' dir='ltr'><strong>et</strong></span> <span class='ocrx_word' id='word_1_106' title='bbox 1115 2440 1201 2513; x_wconf 87' lang='lat' dir='ltr'><strong>diffi-</strong></span> 
     </span>
     <span class='ocr_line' id='line_1_17' title="bbox 187 2575 1203 2667; baseline 0 -20"><span class='ocrx_word' id='word_1_107' title='bbox 187 2575 319 2648; x_wconf 78' lang='lat' dir='ltr'><strong>cultate</strong></span> <span class='ocrx_word' id='word_1_108' title='bbox 334 2579 505 2667; x_wconf 88' lang='lat' dir='ltr'><strong>tamquam</strong></span> <span class='ocrx_word' id='word_1_109' title='bbox 534 2580 618 2648; x_wconf 91' lang='lat' dir='ltr'><strong>nota</strong></span> <span class='ocrx_word' id='word_1_110' title='bbox 646 2577 713 2649; x_wconf 89' lang='lat' dir='ltr'><strong>tuis</strong></span> <span class='ocrx_word' id='word_1_111' title='bbox 739 2597 814 2651; x_wconf 84' lang='lat' dir='ltr'><strong>sese</strong></span> <span class='ocrx_word' id='word_1_112' title='bbox 830 2577 989 2666; x_wconf 85' lang='lat' dir='ltr'><strong>ingerent</strong></span> <span class='ocrx_word' id='word_1_113' title='bbox 1003 2575 1117 2666; x_wconf 86' lang='lat' dir='ltr'><strong>oeulis,</strong></span> <span class='ocrx_word' id='word_1_114' title='bbox 1148 2579 1203 2649; x_wconf 92' lang='lat' dir='ltr'><strong>vel</strong></span> 
     </span>
     <span class='ocr_line' id='line_1_18' title="bbox 186 2684 1204 2785; baseline 0 -4"><span class='ocrx_word' id='word_1_115' title='bbox 186 2709 222 2785; x_wconf 10' lang='lat' dir='ltr'><strong>si*</strong></span> <span class='ocrx_word' id='word_1_116' title='bbox 234 2684 327 2782; x_wconf 78' lang='lat' dir='ltr'><strong>torte</strong></span> <span class='ocrx_word' id='word_1_117' title='bbox 346 2709 425 2782; x_wconf 90' lang='lat' dir='ltr'><strong>illuo</strong></span> <span class='ocrx_word' id='word_1_118' title='bbox 445 2730 512 2782; x_wconf 94' lang='lat' dir='ltr'><strong>non</strong></span> <span class='ocrx_word' id='word_1_119' title='bbox 533 2709 700 2782; x_wconf 89' lang='lat' dir='ltr'><strong>veniendo</strong></span> <span class='ocrx_word' id='word_1_120' title='bbox 727 2709 810 2782; x_wconf 88' lang='lat' dir='ltr'><strong>haec</strong></span> <span class='ocrx_word' id='word_1_121' title='bbox 828 2709 952 2782; x_wconf 91' lang='lat' dir='ltr'><strong>intuitu</strong></span> <span class='ocrx_word' id='word_1_122' title='bbox 984 2730 1051 2780; x_wconf 93' lang='lat' dir='ltr'><strong>non</strong></span> <span class='ocrx_word' id='word_1_123' title='bbox 1076 2708 1204 2783; x_wconf 86' lang='lat' dir='ltr'><strong>videbis</strong></span> 
     </span>
     <span class='ocr_line' id='line_1_19' title="bbox 187 2834 1204 2937; baseline 0.001 -24"><span class='ocrx_word' id='word_1_124' title='bbox 187 2834 363 2937; x_wconf 84' lang='lat' dir='ltr'><strong>corporeo,</strong></span> <span class='ocrx_word' id='word_1_125' title='bbox 386 2847 498 2914; x_wconf 86' lang='lat' dir='ltr'><strong>tamen</strong></span> <span class='ocrx_word' id='word_1_126' title='bbox 511 2863 552 2916; x_wconf 88' lang='lat' dir='ltr'><strong>ex</strong></span> <span class='ocrx_word' id='word_1_127' title='bbox 574 2843 633 2915; x_wconf 91' lang='lat' dir='ltr'><strong>tali</strong></span> <span class='ocrx_word' id='word_1_128' title='bbox 652 2843 773 2916; x_wconf 91' lang='lat' dir='ltr'><strong>notitia</strong></span> <span class='ocrx_word' id='word_1_129' title='bbox 794 2842 1132 2934; x_wconf 86' lang='lat' dir='ltr'><strong>etcontemplatione</strong></span> <span class='ocrx_word' id='word_1_130' title='bbox 1146 2863 1204 2914; x_wconf 91' lang='lat' dir='ltr'><strong>eo·</strong></span> 
     </span>
    </p>
   </div>
   <div class='ocr_carea' id='block_1_3' title="bbox 188 2974 1338 3069">
    <p class='ocr_par' dir='ltr' id='par_1_3' title="bbox 188 2974 1338 3069">
     <span class='ocr_line' id='line_1_20' title="bbox 188 2974 1338 3069; baseline -0.001 -21"><span class='ocrx_word' id='word_1_131' title='bbox 188 2997 263 3048; x_wconf 89' lang='lat' dir='ltr'><strong>rum</strong></span> <span class='ocrx_word' id='word_1_132' title='bbox 277 2974 485 3069; x_wconf 87' lang='lat' dir='ltr'><strong>ampliorem,</strong></span> <span class='ocrx_word' id='word_1_133' title='bbox 509 2975 622 3066; x_wconf 86' lang='lat' dir='ltr'><strong>quoad</strong></span> <span class='ocrx_word' id='word_1_134' title='bbox 638 2974 936 3050; x_wconf 85' lang='lat' dir='ltr'><strong>sanctificationem</strong></span> <span class='ocrx_word' id='word_1_135' title='bbox 954 2977 1114 3068; x_wconf 91' lang='lat' dir='ltr'><strong>ipsorum,</strong></span> <span class='ocrx_word' id='word_1_136' title='bbox 1144 2976 1203 3048; x_wconf 92' lang='lat' dir='ltr'><strong>de·</strong></span> <span class='ocrx_word' id='word_1_137' title='bbox 1333 3056 1338 3065; x_wconf 50' lang='grc'>,</span> 
     </span>
    </p>
   </div>
   <div class='ocr_carea' id='block_1_4' title="bbox 188 3107 1204 3736">
    <p class='ocr_par' dir='ltr' id='par_1_4' title="bbox 188 3107 1204 3736">
     <span class='ocr_line' id='line_1_21' title="bbox 188 3107 1204 3203; baseline 0.001 -23"><span class='ocrx_word' id='word_1_138' title='bbox 188 3110 363 3180; x_wconf 84' lang='lat' dir='ltr'><strong>votionen</strong></span> <span class='ocrx_word' id='word_1_139' title='bbox 375 3108 526 3181; x_wconf 85' lang='lat' dir='ltr'><strong>habebis.</strong></span> <span class='ocrx_word' id='word_1_140' title='bbox 545 3107 624 3181; x_wconf 84' lang='lat' dir='ltr'><strong>Soio</strong></span> <span class='ocrx_word' id='word_1_141' title='bbox 639 3110 795 3202; x_wconf 87' lang='lat' dir='ltr'><strong>equidem</strong></span> <span class='ocrx_word' id='word_1_142' title='bbox 802 3110 875 3203; x_wconf 90' lang='lat' dir='ltr'><strong>jam</strong></span> <span class='ocrx_word' id='word_1_143' title='bbox 889 3110 1013 3184; x_wconf 92' lang='lat' dir='ltr'><strong>dudum</strong></span> <span class='ocrx_word' id='word_1_144' title='bbox 1028 3114 1106 3182; x_wconf 92' lang='lat' dir='ltr'><strong>ante</strong></span> <span class='ocrx_word' id='word_1_145' title='bbox 1117 3114 1204 3182; x_wconf 91' lang='lat' dir='ltr'><strong>tem·</strong></span> 
     </span>
     <span class='ocr_line' id='line_1_22' title="bbox 189 3241 1204 3332; baseline -0.002 -18"><span class='ocrx_word' id='word_1_146' title='bbox 189 3263 275 3332; x_wconf 86' lang='lat' dir='ltr'><strong>pora</strong></span> <span class='ocrx_word' id='word_1_147' title='bbox 288 3241 451 3315; x_wconf 88' lang='lat' dir='ltr'><strong>moderna</strong></span> <span class='ocrx_word' id='word_1_148' title='bbox 465 3241 551 3315; x_wconf 83' lang='lat' dir='ltr'><strong>haee</strong></span> <span class='ocrx_word' id='word_1_149' title='bbox 565 3243 685 3316; x_wconf 92' lang='lat' dir='ltr'><strong>eadem</strong></span> <span class='ocrx_word' id='word_1_150' title='bbox 697 3244 772 3316; x_wconf 81' lang='lat' dir='ltr'><strong>loca</strong></span> <span class='ocrx_word' id='word_1_151' title='bbox 785 3262 852 3315; x_wconf 94' lang='lat' dir='ltr'><strong>non</strong></span> <span class='ocrx_word' id='word_1_152' title='bbox 872 3249 1003 3317; x_wconf 86' lang='lat' dir='ltr'><strong>tantum</strong></span> <span class='ocrx_word' id='word_1_153' title='bbox 1017 3244 1051 3314; x_wconf 94' lang='lat' dir='ltr'><strong>in</strong></span> <span class='ocrx_word' id='word_1_154' title='bbox 1065 3242 1204 3313; x_wconf 87' lang='lat' dir='ltr'><strong>civitate</strong></span> 
     </span>
     <span class='ocr_line' id='line_1_23' title="bbox 189 3374 1203 3467; baseline -0.003 -19"><span class='ocrx_word' id='word_1_155' title='bbox 189 3375 353 3467; x_wconf 87' lang='lat' dir='ltr'><strong>praefata,</strong></span> <span class='ocrx_word' id='word_1_156' title='bbox 389 3375 450 3448; x_wconf 87' lang='lat' dir='ltr'><strong>sed</strong></span> <span class='ocrx_word' id='word_1_157' title='bbox 484 3376 586 3449; x_wconf 89' lang='lat' dir='ltr'><strong>etiam</strong></span> <span class='ocrx_word' id='word_1_158' title='bbox 614 3377 714 3465; x_wconf 85' lang='lat' dir='ltr'><strong>longe</strong></span> <span class='ocrx_word' id='word_1_159' title='bbox 743 3382 838 3450; x_wconf 83' lang='lat' dir='ltr'><strong>extra</strong></span> <span class='ocrx_word' id='word_1_160' title='bbox 871 3377 983 3467; x_wconf 89' lang='lat' dir='ltr'><strong>posita</strong></span> <span class='ocrx_word' id='word_1_161' title='bbox 1009 3396 1030 3448; x_wconf 89' lang='lat' dir='ltr'><strong>a</strong></span> <span class='ocrx_word' id='word_1_162' title='bbox 1058 3374 1203 3465; x_wconf 89' lang='lat' dir='ltr'><strong>quodam</strong></span> 
     </span>
     <span class='ocr_line' id='line_1_24' title="bbox 190 3508 1203 3602; baseline -0.004 -22"><span class='ocrx_word' id='word_1_163' title='bbox 190 3508 262 3581; x_wconf 86' lang='lat' dir='ltr'><strong>viro</strong></span> <span class='ocrx_word' id='word_1_164' title='bbox 295 3509 485 3581; x_wconf 89' lang='lat' dir='ltr'><strong>reverendo</strong></span> <span class='ocrx_word' id='word_1_165' title='bbox 507 3509 551 3581; x_wconf 88' lang='lat' dir='ltr'><strong>in</strong></span> <span class='ocrx_word' id='word_1_166' title='bbox 586 3511 713 3602; x_wconf 81' lang='lat' dir='ltr'><strong>scripta</strong></span> <span class='ocrx_word' id='word_1_167' title='bbox 751 3510 889 3584; x_wconf 85' lang='lat' dir='ltr'><strong>redacta</strong></span> <span class='ocrx_word' id='word_1_168' title='bbox 923 3509 1041 3595; x_wconf 80' lang='lat' dir='ltr'><strong>fuisse3</strong></span> <span class='ocrx_word' id='word_1_169' title='bbox 1085 3527 1203 3578; x_wconf 88' lang='lat' dir='ltr'><strong>verum</strong></span> 
     </span>
     <span class='ocr_line' id='line_1_25' title="bbox 190 3631 1202 3736; baseline -0.002 -22"><span class='ocrx_word' id='word_1_170' title='bbox 190 3642 265 3732; x_wconf 90' lang='lat' dir='ltr'><strong>quia</strong></span> <span class='ocrx_word' id='word_1_171' title='bbox 276 3631 502 3734; x_wconf 86' lang='lat' dir='ltr'><strong>postmodum,</strong></span> <span class='ocrx_word' id='word_1_172' title='bbox 531 3662 594 3732; x_wconf 84' lang='lat' dir='ltr'><strong>per</strong></span> <span class='ocrx_word' id='word_1_173' title='bbox 606 3644 691 3716; x_wconf 81' lang='lat' dir='ltr'><strong>tanti</strong></span> <span class='ocrx_word' id='word_1_174' title='bbox 717 3644 879 3736; x_wconf 89' lang='lat' dir='ltr'><strong>temporis</strong></span> <span class='ocrx_word' id='word_1_175' title='bbox 895 3642 1050 3736; x_wconf 87' lang='lat' dir='ltr'><strong>spatium,</strong></span> <span class='ocrx_word' id='word_1_176' title='bbox 1080 3638 1202 3712; x_wconf 86' lang='lat' dir='ltr'><strong>eadem</strong></span> 
     </span>
    </p>
   </div>
   <div class='ocr_carea' id='block_1_5' title="bbox 0 0 1401 4290">
    <p class='ocr_par' dir='ltr' id='par_1_5' title="bbox 0 0 1401 4290">
     <span class='ocr_line' id='line_1_26' title="bbox 0 0 1401 4290; baseline 0 0"><span class='ocrx_word' id='word_1_177' title='bbox 0 0 1401 4290; x_wconf 95' lang='lat' dir='ltr'><strong> </strong></span> 
     </span>
    </p>
   </div>
  </div>
 </body>
</html>
