2782 4290
1143 389 1207 455 189

188 566 302 643 eundo
337 569 493 642 milliario
520 589 541 640 a
568 565 727 659 Magdalo
755 566 916 641 Ginereth
950 568 1085 659 civitas,
1119 589 1207 660 quae

190 709 230 776 et
272 700 472 776 Tiberias
516 725 537 775 a
578 702 714 774 Tiberio
761 700 908 775 Caesare
957 704 1205 794 cognominata,

191 859 294 929 quam
329 838 363 909 in
393 837 573 928 juventute
600 856 661 908 sua
687 834 787 908 Jesus
818 834 1035 926 frequentare
1062 837 1203 909 solebat.

190 971 326 1062 Quarto
356 970 510 1042 milliario
532 970 750 1044 aTiberiade
776 969 980 1042 Betbulia
1007 970 1134 1059 civitas,
1164 993 1205 1043 ex

193 1127 263 1197 qua
295 1104 433 1193 Judith,
478 1123 566 1194 quae
605 1124 667 1193 pro
703 1107 804 1191 gente
838 1125 898 1175 sua
931 1103 1092 1175 salvanda
1124 1104 1208 1176 satis

191 1244 305 1312 astute
349 1237 493 1330 peremit
540 1235 759 1308 Holofernem
799 1238 833 1307 in
878 1237 1050 1309 obsidione
1102 1238 1205 1310 urbis.

192 1373 325 1463 Quarto
359 1371 514 1442 milliario
541 1392 563 1442 a
589 1369 768 1443 Tiberiade
803 1378 921 1443 eontra
952 1372 1127 1444 meridiem
1155 1378 1207 1444 est

193 1506 415 1598 llotbaim,
457 1506 491 1577 in
533 1525 599 1595 quo
640 1503 768 1595 Joseph
808 1504 930 1577 iratres
967 1527 1044 1577 suos
1084 1526 1206 1595 greges

190 1645 369 1733 pascentes
396 1640 537 1732 reperit,
573 1659 672 1729 quern
701 1645 736 1710 et
762 1639 808 1711 ibi
835 1639 1011 1711 ismaelitis
1038 1640 1205 1712 habentes

189 1774 267 1846 odio
304 1773 540 1846 vendiderunt.
597 1771 700 1844 Sexto
736 1773 864 1844 decimo
898 1773 1054 1844 milliario
1089 1773 1205 1845 aNa·

187 1907 308 1981 zareth
357 1912 475 1977 contra
518 1907 698 1995 orientem,
748 1927 848 1997 supra
887 1927 981 1978 mare
1021 1904 1202 1998 Galilaeae,

188 2041 403 2131 Gergesa,
439 2041 570 2112 viculus
597 2040 668 2130 ille,
705 2040 739 2110 in
767 2060 832 2130 quo
859 2039 1006 2112 salvator
1034 2060 1110 2129 eos,
1147 2041 1204 2128 qui

187 2174 447 2247 adaemonibus
463 2175 684 2263 vexabantur,
712 2173 849 2246 sanitati
875 2173 1037 2263 restituit,
1068 2194 1109 2244 ex
1137 2194 1202 2263 quo

188 2314 225 2382 et
251 2309 339 2380 mari
365 2329 490 2398 porcos
517 2328 580 2396 per
606 2307 843 2398 praecipitium
870 2307 1026 2397 subjecit.

543 2518 588 2583 27.
621 2517 671 2583 Ad
692 2516 848 2585 leotorom.

274 2710 332 2782 Sic
359 2709 655 2782 siedeseribendo
689 2711 897 2782 venerabilia
923 2709 998 2782 lora
1024 2710 1059 2781 in
1084 2716 1205 2782 saneta

186 2845 324 2919 civitate
359 2843 566 2933 Jerusalem,
609 2844 797 2936 incipiendo
832 2845 874 2916 ab
917 2825 1058 2919 eeclesia
1097 2846 1203 2918 saneti

185 2978 374 3072 sepulchri,
416 2978 652 3050 circumeundo
689 3000 751 3089 per
783 2984 918 3070 portam
949 2978 1061 3052 David
1096 3001 1202 3071 usque

186 3115 229 3186 ad
269 3113 413 3186 eandem
446 3113 574 3185 reversi
608 3133 737 3202 sumus,
772 3110 887 3203 plures
926 3114 1114 3186 omittendo
1148 3135 1203 3186 ra-

187 3246 296 3338 pellas
323 3251 360 3318 et
388 3244 568 3344 interiores
595 3246 773 3336 eeclesias,
809 3267 891 3336 quas
919 3247 1045 3318 babent
1077 3247 1123 3319 ibi
1150 3245 1201 3317 di·

187 3401 364 3454 versarum
396 3379 573 3452 nationum
611 3386 647 3450 et
678 3380 867 3468 linguarum
900 3380 1060 3452 homines.
1117 3378 1202 3450 Sunt

181 3534 333 3605 namque
360 3514 406 3586 ibi
433 3514 557 3603 graeei,
594 3514 735 3603 bulgari,
770 3513 886 3605 latini,
912 3513 1087 3600 alemanni,
1117 3512 1201 3582 hun·

189 3650 271 3739 gari,
301 3648 397 3738 scoti,
427 3648 572 3738 navarri,
601 3647 759 3739 britanni,
787 3649 885 3738 angli,
915 3646 1033 3736 irarrei,
1055 3645 1199 3738 rutheni,
