2782 4290
302 405 345 472 98

302 584 471 659 redundat
510 602 602 653 mare
642 581 790 673 quotidie
832 581 959 655 duabus
987 580 1127 671 vicibus,
1173 582 1207 653 id
1251 587 1311 670 est,

303 739 400 789 mane
435 720 470 788 et
498 736 654 807 vespere,
695 721 728 786 et
762 736 828 787 non
863 721 1002 807 possunt
1035 715 1188 786 homines
1218 714 1310 785 adire

303 856 470 942 montem,
511 848 616 921 donec
657 870 750 920 mare
791 850 981 922 recesserit.
1053 848 1092 920 ln
1132 846 1315 920 festivitate

304 989 419 1059 autem
452 983 559 1056 sancti
594 982 769 1054 Michaelis
802 1004 869 1054 non
903 985 1121 1076 conjungitur
1154 1001 1248 1053 mare
1282 981 1315 1049 in

304 1102 523 1191 redundando
563 1117 598 1186 in
641 1117 784 1188 circuitu
827 1116 916 1187 illius
953 1118 1090 1207 montis,
1137 1115 1198 1188 sed
1239 1118 1314 1202 stat,

305 1252 480 1323 adinstar
506 1270 689 1339 murorum,
720 1271 740 1320 a
768 1249 893 1321 dextris
921 1255 957 1322 et
985 1271 1005 1320 a
1032 1249 1182 1321 sinistris.
1224 1246 1270 1318 Et
1283 1248 1316 1317 in

306 1388 379 1475 ipso
414 1383 468 1455 die
510 1383 648 1455 solemni
687 1388 828 1474 possunt
870 1404 1001 1473 omncs,
1045 1383 1233 1473 quicunque
1270 1371 1317 1450 ’111

306 1518 491 1589 orationem
527 1517 696 1607 venerint,
734 1518 885 1589 omnibus
913 1517 1003 1588 horis
1031 1516 1124 1588 adire
1153 1518 1312 1604 montem,

308 1650 397 1742 quod
436 1648 561 1721 tamen
590 1649 663 1721 aliis
702 1651 818 1723 diebus
855 1672 920 1721 non
961 1653 1113 1742 possunt.
1181 1648 1231 1722 lbi
1269 1650 1317 1718 est

307 1784 411 1855 abbas
438 1782 697 1874 Phinimontius‚
728 1784 826 1855 brito.

388 1921 449 1990 22.
483 1915 634 1988 Tandem
662 1937 725 2006 ego
754 1916 829 1986 dico
857 1917 970 2006 vohis,
1001 1915 1170 2005 quomodo
1198 1918 1314 1986 tenent

308 2050 474 2123 christiani
512 2049 623 2139 legem
650 2050 715 2121 Dei
752 2051 822 2122 sive
859 2051 892 2121 in
925 2049 1130 2140 Jerusalem,
1175 2049 1246 2121 sive
1284 2049 1316 2117 in

307 2185 478 2277 Aegypto.
532 2180 715 2254 Christiani
744 2188 778 2253 et
804 2184 928 2274 pagani
955 2183 1057 2256 talem
1084 2201 1204 2272 pacem
1231 2183 1317 2252 inte'r

307 2339 343 2391 sc
370 2318 510 2410 positam
537 2315 665 2388 habent
690 2315 751 2404 ihi,
788 2320 845 2405 ut,
881 2316 909 2386 si
944 2316 1009 2386 iter
1043 2335 1180 2403 agerem
1217 2321 1251 2386 et
1283 2315 1316 2384 in

307 2452 427 2523 itinere
454 2451 526 2541 ipso
554 2454 707 2520 mortuus
734 2445 832 2521 fieret
858 2469 953 2520 meus
987 2448 1133 2520 camelus
1162 2453 1223 2517 aut
1251 2448 1315 2518 asi-
1345 2458 1349 2467 '

240 2551 250 2568 ·
307 2574 1040 2673 11110111111111111111111111111111,
1077 2587 1112 2652 ct
1138 2580 1184 2651 ihi
1212 2579 1313 2653 relin-

311 2733 449 2805 querem
478 2711 587 2783 omnia
613 2733 688 2783 mea
721 2715 792 2785 sine
810 2697 963 2787 'custode
992 2719 1027 2784 et
1054 2716 1137 2786 irem
1165 2714 1211 2785 ad
1237 2714 1317 2786 civi-

310 2850 417 2916 tatem
443 2844 710 2937 propterquam,
740 2867 816 2936 ego,
849 2869 923 2918 cum
938 2846 1084 2936 rediero,
1115 2848 1316 2920 omniamea

310 2977 425 3049 illaesa
451 2977 630 3049 inveniam.
689 2978 783 3051 Tutis
810 2980 948 3068 paxibi
977 2985 1037 3071 est,
1066 2985 1113 3070 ut,
1143 2981 1171 3050 si
1190 2982 1225 3050 in
1240 2981 1317 3054 civi-

309 3113 382 3182 tate
410 3111 480 3191 velx
493 3111 527 3180 in
554 3117 659 3199 ponto
687 3116 745 3182 aut
772 3112 806 3182 in
833 3112 953 3184 itinere
980 3113 1093 3202 aliquo
1122 3113 1316 3184 inuenerint

310 3242 479 3314 hominem
513 3236 741 3316 ambulantem
773 3265 837 3334 per
870 3251 1005 3316 noctem
1039 3245 1094 3316 vel
1129 3245 1232 3319 etiam
1259 3267 1318 3338 per

311 3376 402 3449 diem
428 3396 495 3448 non
522 3374 702 3449 habentem
728 3378 890 3448 cartulam
917 3377 1061 3469 aliquam
1088 3383 1149 3449 aut
1175 3378 1316 3468 sigillum

310 3509 455 3600 alicujus
488 3509 579 3598 regis
616 3509 671 3581 vel
697 3510 855 3603 principis
883 3515 997 3583 terrae
1024 3511 1121 3601 illius,
1151 3511 1239 3583 illico
1263 3512 1317 3603 ju·

309 3638 412 3712 betur
437 3639 567 3712 recludi
594 3640 626 3711 in
655 3661 834 3734 carcerem,
864 3645 1079 3737 quoadusque
1099 3645 1217 3718 veniat
1235 3651 1317 3718 tem-
