2782 4290
1159 385 1203 451 89

193 568 302 639 dimus
329 566 361 638 ei
389 565 519 636 litteras
546 565 589 637 de
616 567 717 654 parte
744 565 906 654 praedicti
941 566 1069 638 suldani
1097 571 1133 639 et
1161 568 1204 639 de

192 708 292 793 parte
320 699 481 792 principis
508 697 743 788 Alexandriae,
775 698 865 789 quod
892 700 974 770 nihil
1001 700 1097 772 nobis
1123 722 1204 791 pro·

191 835 290 924 iecit,
326 834 386 905 sed
418 833 538 905 abillo
566 831 655 902 missi
683 853 795 904 sumus
821 832 856 902 in
884 853 1068 923 carcerem,
1097 833 1205 906 donec

192 972 270 1060 post
297 966 369 1039 dies
396 986 455 1038 sex
480 966 566 1036 inito
595 965 744 1056 consilio,
775 987 849 1037 cum
876 965 943 1038 Dei
971 966 1102 1057 auxilio,
1132 972 1203 1039 tre-

192 1101 303 1173 decim
332 1099 487 1171 denarios
514 1100 741 1191 unusquisque
770 1099 864 1171 dedit
889 1120 953 1190 pro
981 1121 1028 1191 se,
1058 1101 1148 1172 sieut
1171 1105 1206 1172 et

190 1234 355 1326 superius.
413 1233 478 1323 Qui
516 1255 651 1324 quoque
688 1233 769 1305 fecit
804 1234 902 1306 nobis
928 1233 1076 1323 litteras,
1122 1254 1203 1324 quas

192 1369 386 1458 quicunque
421 1365 579 1438 viderunt
612 1367 647 1437 in
687 1388 890 1458 quacunque
918 1367 1056 1439 civitate
1084 1370 1143 1437 aut
1168 1366 1203 1436 iu

192 1521 393 1592 quocunque
421 1501 507 1590 loco,
536 1500 620 1571 nihil
646 1500 805 1591 deinceps
826 1501 960 1572 anobiS
983 1501 1119 1589 exigere
1133 1499 1205 1572 ausi

191 1639 281 1709 sunt.
346 1634 434 1705 Erat
469 1633 556 1704 enim
589 1633 756 1705 secundus
796 1635 936 1725 imperio
971 1632 1204 1706 amarmomini

191 1768 367 1861 praedicti.
424 1766 608 1857 Postquam
634 1789 715 1840 uero
743 1767 881 1841 inferius
908 1770 1097 1839 nominatas
1125 1767 1206 1839 ciui-

192 1908 283 1975 tates
321 1901 463 1991 ingressi
497 1922 626 1992 sumus,
667 1922 734 1972 non
769 1901 862 1992 prius
900 1902 1054 1993 permissi
1091 1921 1207 1972 sumus

194 2038 289 2109 exire
324 2055 424 2125 quam
459 2040 590 2105 cartam
624 2040 684 2105 aut
711 2034 812 2123 sigilli
839 2035 1092 2123 impressionem
1118 2035 1208 2106 acci·

193 2191 372 2262 paremur,
410 2168 501 2259 quod
538 2188 604 2238 uno
632 2169 687 2240 vel
715 2168 846 2239 duobus
873 2167 1019 2240 denariis
1046 2168 1207 2257 impetra·

194 2306 323 2376 bamus.
362 2302 430 2373 Est
456 2302 571 2392 itaque
598 2300 632 2372 in
660 2301 724 2372 hac
757 2301 896 2372 civitate
928 2303 1123 2393 patriarcha
1148 2302 1208 2372 do-

192 2439 303 2511 minus
332 2435 496 2525 Michael‚
533 2439 569 2505 et
595 2454 697 2523 super
731 2438 841 2505 totum
873 2434 1068 2525 Aegyptum
1095 2434 1207 2524 dispo-

191 2593 276 2644 nens
305 2571 417 2659 gratia
443 2569 508 2641 Dei
545 2565 698 2639 ordinem
731 2567 877 2639 omnium
912 2567 1144 2660 episcoporum
1172 2573 1207 2640 et

190 2704 434 2777 monachorum
462 2706 498 2773 et
525 2700 795 2772 christianorum.
832 2700 894 2773 Isti
907 2705 1020 2774 autem
1034 2700 1207 2774 christiani

191 2840 297 2910 talem
325 2837 452 2909 habent
478 2836 591 2925 legem
619 2833 706 2924 apud
732 2854 891 2925 paganos,
921 2841 960 2906 ut
986 2855 1049 2924 pro
1077 2858 1114 2908 se
1141 2836 1207 2907 siu·

189 2973 292 3062 gulae
320 2990 485 3062 personae
514 2989 595 3041 suae
623 2988 828 3058 unoquoque
862 2988 950 3040 anno
985 2968 1120 3040 solvant
1146 2969 1206 3040 tri-

189 3106 308 3177 butum
334 3104 479 3196 principi
505 3101 691 3195 praedicto,
722 3105 761 3172 ut
774 3103 890 3175 uiuant
903 3123 1020 3175 secure
1040 3108 1075 3174 et
1087 3102 1203 3175 libere.

190 3237 290 3311 Istud
326 3244 437 3310 autem
470 3237 631 3310 tributum
657 3241 716 3307 aut
742 3236 798 3307 III
824 3242 881 3307 aut
909 3237 945 3308 ΙΙ
973 3241 1032 3307 aut
1058 3237 1075 3308 Ι
1104 3235 1207 3323 exigit

188 3393 348 3462 aureum,
377 3366 480 3443 vela
514 3370 628 3441 viliori
661 3389 805 3461 persona
831 3368 919 3440 XIII
948 3369 1113 3442 denarios.
1171 3365 1207 3438 Si

186 3512 302 3580 autem
330 3505 408 3577 talis
436 3510 496 3595 est,
524 3509 564 3576 ut
590 3524 657 3575 non
690 3502 799 3595 possit
830 3503 893 3574 hos
924 3501 1013 3572 XIII
1046 3499 1205 3571 denarios

185 3642 341 3729 solvere,
377 3638 449 3712 sire
484 3638 528 3711 sit
554 3637 681 3727 incola,
720 3635 791 3710 sive
826 3636 959 3709 aduena
992 3631 1200 3725 christianus,
