2782 4290
260 484 264 490 .
304 414 368 481 148

300 593 712 687 pulchrumDomini,
739 592 813 697 fere
840 591 1022 665 rotundam
1041 589 1310 680 nabetforman,

300 732 391 802 intus
424 729 555 800 musivo
587 748 690 819 opere
724 728 930 802 decoratam
971 725 1074 799 Patet
1108 725 1311 799 oboriente

299 885 363 954 per
388 863 561 935 introitum
590 862 689 953 parvi
715 863 836 953 ostioli,
866 865 947 935 ante
975 859 1067 950 quod
1100 858 1205 933 habet
1232 880 1311 950 pro·

298 1001 428 1071 tectum
461 996 534 1069 sere
570 995 770 1086 quadratum
803 1017 878 1068 cnm
912 969 1040 1067 duabus
1062 991 1186 1084 Januis.
1242 991 1311 1064 Per

299 1151 401 1203 unam
442 1130 714 1201 intromittuntur
753 1129 936 1218 ingressuri
976 1104 1227 1200 monumentum
1267 1125 1309 1197 ad

297 1262 520 1354 sepulchrum,
550 1283 613 1353 per
639 1264 782 1334 alteram
811 1261 1015 1332 emittuntur
1043 1259 1220 1348 egressuri.
1269 1260 1308 1329 In

298 1418 339 1470 eo
382 1416 515 1486 quoque
548 1401 702 1484 protecto
737 1395 887 1468 resident
926 1394 1083 1466 custodes
1124 1392 1305 1482 sepulchri.

297 1528 346 1600 Et
374 1529 511 1601 tertium
540 1529 697 1599 ostiolum
724 1528 959 1602 habetversus
986 1527 1136 1599 chorum.
1184 1526 1307 1599 Eidem

297 1656 513 1732 monumento
548 1662 589 1734 ab
624 1661 813 1751 occidente,
851 1661 1011 1733 videlicet
1046 1660 1090 1731 ad
1123 1665 1226 1750 eaput
1254 1681 1307 1732 se·

297 1794 437 1887 pulchri,
466 1792 649 1866 forinsecus
676 1794 868 1884 appositum
898 1799 954 1875 ,est
989 1794 1096 1865 altare
1124 1814 1200 1865 cum
1227 1815 1307 1884 qua-

298 1928 374 1999 dam
402 1927 566 2018 quadrata
584 1925 932 2018 superaedificatione,
963 1927 1058 2018 eujus
1074 1926 1221 2017 parietes
1238 1933 1307 2001 tres

297 2062 339 2133 de
366 2061 517 2132 reticulis
543 2059 742 2132 ferramenti
769 2059 909 2150 pulchre
932 2058 1121 2151 compositis
1154 2065 1241 2149 sunt,
1271 2064 1306 2132 et

295 2199 438 2266 vocatur
464 2194 547 2265 illud
573 2195 712 2264 altare
739 2195 789 2265 ad
818 2198 1007 2266 sanetum
1027 2193 1304 2282 sepulchrum.

297 2328 392 2400 Idem
424 2333 676 2398 monumentum
711 2329 792 2415 satis
825 2328 973 2418 amplum
1006 2326 1108 2398 habet
1140 2348 1305 2418 superse

296 2461 391 2551 quasi
427 2460 588 2533 ciborium
621 2461 805 2532 rotundum
838 2466 873 2531 et
899 2460 1051 2552 superius
1085 2460 1128 2534 de
1163 2467 1305 2550 argento

295 2598 501 2684 coopertum,
530 2596 565 2664 in
592 2594 700 2665 altum
729 2594 895 2666 elevatum
914 2615 1030 2666 versus
1043 2592 1196 2666 foramen
1223 2596 1305 2667 illud

294 2727 439 2817 amplum
466 2728 499 2799 in
532 2729 656 2820 majori
684 2728 741 2801 illo
769 2726 920 2799 aedilicio
953 2728 1105 2818 superius
1137 2728 1305 2817 patulum:

294 2861 383 2949 quod
423 2860 612 2932 aedificium
652 2860 861 2933 circulariter
898 2881 972 2932 eum
1006 2860 1116 2932 forma
1148 2861 1304 2950 rotunda,

294 2993 386 3064 circa
412 2999 667 3065 monumentum
684 2994 765 3065 satis
782 2995 938 3085 amplum,
967 2995 1001 3064 in
1021 2999 1175 3067 extremo
1202 2973 1305 3068 habet

295 3127 490 3198 continuum
515 3127 680 3216 parietem
714 3127 856 3199 diversis
888 3127 1090 3216 imaginibus
1115 3133 1303 3201 sauctomm

292 3260 388 3348 large
423 3259 593 3349 depictum
627 3265 662 3330 et
698 3265 853 3331 ornatum
887 3260 1106 3351 pluribusque
1141 3260 1301 3353 lampadi-

293 3393 355 3464 bus
381 3391 609 3464 illmninatum.
650 3393 690 3464 In
718 3392 874 3464 strictiori
901 3393 1031 3465 ambitu
1054 3363 1204 3484 eJusdem
1232 3416 1302 3466 ma-

287 3525 373 3614 joris
401 3524 541 3597 aedificii
576 3532 653 3600 octo
681 3527 853 3597 columnae
887 3547 1098 3600 marmoreae
1133 3528 1300 3600 rotundae

294 3662 329 3727 et
356 3659 497 3730 totidem
524 3662 621 3732 bases
651 3660 855 3750 quadratae,
890 3661 1030 3733 totidem
1064 3660 1188 3733 tabulis
1221 3682 1301 3752 qua-
