2782 4290
290 404 333 469 76

281 585 459 677 plebisque
485 582 671 674 suffrapio,
707 586 932 676 episcopalem
967 586 1240 659 benedictionem
1267 593 1303 660 et

289 719 503 792 eihstatensis
539 718 701 791 ecclesiae
736 717 928 790 cathedram
963 719 1125 809 suscepit,
1157 722 1303 811 quadra·

287 854 449 943 gesimam
477 853 621 946 primum
649 851 771 923 aetatis
799 873 921 923 annum
949 857 1029 924 tuno
1055 872 1170 941 agens.
1213 851 1302 926 Cura

288 988 394 1077 igitur
435 984 615 1078 episcopali
657 989 828 1076 suscepta,
872 1007 941 1055 uou
980 984 1097 1056 habuit
1136 988 1300 1078 requiem,

225 1212 228 1217 Ι
288 1119 425 1193 uerbum
437 1117 508 1190 Dei
534 1119 591 1190 atie
619 1140 660 1190 oo
686 1123 782 1190 uoete
793 1119 1014 1208 praedicare,
1043 1118 1180 1191 desistes
1189 1122 1302 1210 peutis

288 1255 383 1327 itlius
422 1253 554 1324 auiuos
593 1257 775 1342 etpoauu
818 1251 861 1323 ate
900 1251 1019 1340 futuro
1059 1252 1220 1325 sollicitos
1253 1254 1302 1325 ad

288 1409 383 1478 spem
409 1387 598 1460 eoelestiuu
626 1385 770 1476 eripere,
809 1386 966 1475 sepositis
1000 1385 1157 1457 iuauiuu
1184 1409 1302 1460 rerum

290 1521 392 1611 euru,
423 1526 564 1592 aeterua
590 1541 764 1609 quaerere.
808 1516 862 1588 Et
887 1542 930 1591 ue
950 1540 1081 1610 pouuou
1104 1517 1189 1606 fidei
1217 1521 1303 1592 eota-

205 1629 215 1647 ⁸
286 1677 352 1727 uus
375 1653 564 1745 proficeret,
593 1652 685 1744 quod
699 1651 999 1742 uerbopiautubat,
1029 1652 1111 1742 uita,
1141 1652 1301 1726 doctriua

229 1837 236 1855 s
287 1811 435 1862 eousouu
462 1787 607 1878 uipabat.
664 1785 741 1858 Neo
769 1786 916 1877 toupuuu
944 1785 1046 1856 uastis
1066 1786 1302 1878 squalentium

289 1923 443 1995 sordium
474 1942 616 2012 campus
649 1921 699 1992 ita
733 1919 919 2010 eoaupetioi
952 1919 1076 2010 tipouis
1100 1920 1302 1993 ¹euereitiuuo

288 2056 458 2144 audierat,
487 2061 525 2127 ut
552 2055 679 2145 ipuaro
700 2053 836 2143 fruetus
864 2075 958 2143 apro,
988 2054 1175 2144 eustirpato
1202 2076 1297 2127 erro-

287 2212 365 2261 uuu
397 2189 540 2278 frutice,
574 2209 668 2279 sepes
701 2185 893 2259 rubiouuota
927 2186 1098 2281 (uouuua)
1132 2191 1164 2259 et
1197 2188 1301 2262 aiuea

287 2322 357 2396 Dei
383 2321 533 2395 Sabaoth
560 2322 734 2394 uideretur
760 2320 964 2392 surrexisse.

373 2461 430 2528 19.
465 2455 653 2545 Postquam
680 2455 788 2544 ipitur
815 2452 1048 2545 episcopatum
1066 2475 1167 2526 suuua
1194 2478 1303 2528 souae

288 2589 454 2662 iustitutis
481 2589 571 2659 uitae
592 2609 660 2678 peu
686 2591 815 2677 septeu
836 2608 946 2658 auuos
964 2586 1163 2677 otipuissioue
1192 2589 1302 2680 iufou

289 2723 405 2811 uouit,
435 2721 577 2794 dissolui
605 2725 636 2793 et
663 2743 736 2794 esse
763 2743 838 2793 auu
856 2717 989 2792 Christo
1017 2721 1167 2814 oupieus,
1196 2725 1304 2817 spiri-

289 2862 368 2928 uu
393 2855 560 2928 eouditori
592 2854 764 2944 reddidit,
800 2853 955 2948 sepultus
987 2853 1025 2925 iu
1053 2856 1213 2945 ecelesia,
1250 2858 1305 2929 aui

291 2988 458 3084 praefuit.
517 2989 646 3078 Quauti
686 3010 777 3060 uuus
817 2986 914 3083 apud
940 2985 1055 3059 Deuu
1094 2990 1140 3060 sit
1179 2991 1303 3080 ueriti,

293 3127 436 3195 testatur
463 3147 587 3199 eoroua
607 3122 780 3213 justitiae,
809 3143 912 3213 quau
932 3122 1103 3195 miracuta
1129 3124 1228 3217 apud
1255 3147 1306 3197 se·

287 3256 470 3347 pulchrum
497 3259 574 3348 ejus
602 3254 840 3328 corruscantia
854 3259 1021 3327 testautuu
1034 3278 1110 3328 eum
1129 3257 1304 3350 resipisse.
