2782 4290
1035 382 1099 449 279

86 565 243 653 diuntur,
272 563 426 635 animalia
454 569 488 635 et
516 564 682 655 homines,
719 587 802 655 quos
830 569 983 656 possunt,
1014 564 1100 636 occi·
1179 647 1183 654 ,

29 716 34 724 ·
86 698 182 770 dunt.
239 695 354 785 Agnus
382 700 418 769 et
445 697 557 769 hircus
584 699 639 771 vix
672 699 799 770 sufficit
827 698 891 770 sibi
925 697 968 770 ad
996 699 1100 797 semel

86 829 303 905 vescendum.
355 829 475 920 luc-ipit
501 830 615 921 itaque
643 830 741 904 Nilus
770 851 924 904 crescere
951 832 985 903 in
1013 832 1100 905 nati-

87 965 193 1037 vitate
227 963 330 1035 sancti
357 959 519 1035 Johaunis
545 965 721 1054 Baptistae
755 986 860 1056 usque
894 963 938 1036 ad
974 965 1103 1038 exalta-

87 1097 215 1169 tionem
241 1101 376 1168 sauctae
405 1096 530 1186 crucis,
573 1097 696 1170 deinde
723 1097 890 1170 decrescit
924 1099 1104 1189 usquead
1160 1182 1162 1186 ⁸

88 1228 304 1320 epiphaniam
322 1229 471 1318 Domini,
501 1229 560 1301 ubi
575 1235 656 1301 tunc
673 1231 794 1327 (terra)
822 1236 963 1322 apparet
990 1232 1098 1305 arida.

91 1362 241 1436 Colonus
260 1363 395 1455 projicit
414 1383 528 1434 semen
549 1385 645 1434 suum
667 1362 723 1459 (*)
738 1369 773 1436 et
790 1368 897 1436 metet
915 1360 956 1436 in
968 1365 1100 1438 martio.

91 1492 200 1575 Omne
227 1514 334 1583 genus
361 1495 538 1583 leguminis
566 1519 587 1567 a
614 1497 700 1570 festo
722 1497 812 1569 beati
827 1496 968 1569 Martini
998 1519 1103 1589 usque

90 1628 134 1701 ad
161 1629 320 1700 martium
347 1650 465 1702 recens
492 1630 677 1720 colligitur,
721 1630 873 1703 similiter
907 1636 943 1702 et
975 1631 1104 1704 fructus

93 1762 282 1834 hortorum.
339 1759 430 1834 Oves
457 1768 492 1836 et
519 1785 639 1855 caprae
667 1765 717 1838 bis
744 1746 879 1853 pariunt
898 1765 941 1861 ‘in
969 1785 1067 1837 auno.

173 1894 367 1984 Sciendum,
414 1896 503 1986 quod
553 1902 640 1970 tres
695 1901 791 1969 sunt
827 1896 1104 1986 Babyloniae:

90 2030 199 2120 prima
243 2050 346 2119 super
388 2028 528 2100 fluvium
568 2030 703 2103 Thabor
742 2026 917 2123 (Tigrim),
966 2031 1000 2102 in
1039 2031 1106 2121 qua

89 2163 249 2252 regnavit
270 2161 592 2235 Nabuchodonosor.
632 2163 785 2235 Secunda
808 2168 862 2235 est
881 2163 915 2233 in
933 2162 1104 2253 Aegypto,

91 2317 192 2387 super
220 2317 320 2386 quam
347 2297 505 2385 regnavit
524 2296 668 2368 Pharao.
716 2299 808 2368 lstae
826 2296 912 2368 duae
941 2301 1018 2368 sunt
1045 2294 1105 2369 de-

91 2431 230 2503 solatae.
287 2429 419 2520 Tertia,
450 2430 492 2501 de
522 2452 588 2520 qua
614 2430 670 2500 hic
699 2431 827 2520 agitur,
865 2430 965 2501 etiam
994 2430 1106 2503 estin

92 2564 260 2654 Aegypto.
316 2562 407 2635 Huic
442 2563 598 2653 contigua
633 2570 683 2635 est
711 2563 846 2653 civitae,
888 2584 974 2654 quae
1002 2563 1106 2656 Kay-

91 2719 177 2768 rum
219 2696 376 2786 dicitur„
403 2697 437 2767 in
480 2718 547 2786 quo
586 2697 682 2784 regia
720 2703 798 2770 sunt
835 2697 964 2787 palatia
1005 2698 1107 2787 ipsius

94 2830 238 2920 soldani,
282 2833 318 2900 et
352 2835 403 2900 est
437 2852 504 2901 una
537 2836 571 2902 et
605 2830 722 2902 eadem
757 2832 876 2904 civitas
912 2853 986 2903 cum
1019 2853 1109 2904 nova

93 2963 291 3053 Babylonia.
349 2963 388 3032 ln
421 2962 484 3035 hac
517 2964 656 3036 civitate
689 2971 768 3035 sunt
802 2966 949 3056 quinque
967 2985 1110 3054 'genera

94 3097 276 3184 hominum,
291 3096 417 3168 scilicet
426 3097 566 3186 romani,
579 3097 703 3187 graeci,
721 3098 904 3188 jacobitae,
924 3099 997 3191 (qui
1018 3101 1107 3189 sunt)

92 3230 275 3320 christiani,
293 3231 464 3302 sarraceni
483 3237 517 3301 et
533 3230 660 3320 judaei.
695 3229 824 3302 Ibidem
848 3237 900 3304 est
927 3231 1109 3303 ecclesia

88 3364 333 3456 Jacobitarum,
377 3384 462 3452 quae
499 3368 643 3435 vocatur
677 3364 840 3436 domina
879 3369 1023 3434 nostra
1058 3362 1108 3433 de

94 3499 220 3586 Laza,
250 3496 354 3567 mirac
377 3496 649 3587 pulchritudinis,
672 3503 706 3569 et
727 3503 778 3570 est
799 3494 1034 3586 patriarchalis
1056 3515 1108 3566 cc-

95 3632 202 3737 clesia
232 3628 470 3721 Jacobitarum:
506 3630 539 3700 in
573 3651 639 3721 qua
676 3636 728 3703 est
762 3651 829 3703 una
863 3629 1029 3719 columna,
1066 3626 1108 3701 de
