2782 4290
305 433 347 497 86

305 610 529 702 glandiferae:
559 632 660 701 quam
675 611 835 682 videlieet
854 610 1077 700 archangelus
1090 609 1163 700 ipse
1192 613 1316 686 dicitur

307 745 495 834 dedicasse,
533 745 626 836 cujus
654 745 812 817 introitus
847 748 899 816 cst
927 745 969 816 ab
998 745 1153 835 aquilone
1181 752 1217 818 et
1243 748 1316 838 ipsa

306 879 479 968 sexaginta
506 878 657 951 homines
685 882 801 969 potest
828 879 979 969 recipere
1006 880 1041 950 in
1069 899 1115 950 se.
1152 879 1316 953 lntriuse-

308 1035 364 1084 cus
399 1033 480 1084 vero
516 1012 560 1083 ad
594 1013 760 1085 orientem
793 1012 899 1102 ipsius
927 1013 1038 1101 angeli
1064 1013 1169 1087 habet
1196 1014 1316 1104 imagi·

306 1168 400 1235 nem;
437 1147 482 1217 ad
514 1145 689 1218 meridiem
722 1167 804 1217 vero
840 1150 890 1217 est
925 1145 1050 1235 altaro,
1091 1167 1192 1236 super
1226 1148 1316 1239 quod

307 1279 509 1352 sacrificium
544 1278 699 1370 offertur,
736 1284 772 1350 et
799 1284 936 1370 praeter
967 1280 1003 1350 id
1036 1256 1162 1352 nullum
1197 1303 1317 1355 munus

306 1415 354 1486 ibi
391 1413 541 1504 ponitur.
601 1411 665 1485 Est
705 1418 818 1484 autem
858 1418 937 1484 ante
971 1413 1079 1504 ipsum
1112 1414 1222 1488 altare
1258 1439 1318 1490 vas

311 1548 480 1638 quoddam
493 1569 699 1638 suspensum,
720 1550 754 1620 in
769 1569 835 1638 quo
856 1548 1037 1619 mittuntur
1054 1547 1209 1619 donaria:
1227 1551 1319 1641 quod

310 1682 410 1753 etiam
432 1681 533 1773 juxta
560 1704 597 1755 se
624 1682 691 1754 alia
716 1681 821 1755 habet
848 1682 977 1754 altaria.
1017 1679 1121 1773 Cujus
1138 1681 1204 1754 loci
1216 1685 1319 1758 abbas

310 1816 494 1889 vocabatur
510 1816 730 1906 Benignatus‚
753 1817 810 1906 qui
832 1816 948 1887 multis
963 1819 1122 1906 praeerat
1144 1816 1318 1894 iratribus.

391 1953 423 2024 3.
457 1949 512 2021 De
545 1955 661 2023 monte
696 1954 808 2022 autem
842 1949 1003 2039 Gargano
1038 1950 1217 2041 abeuntes,
1258 1975 1321 2044 per

309 2089 443 2156 centum
473 2084 715 2174 quinquaginta
742 2083 896 2155 milliaria
910 2083 1116 2156 venimusad
1134 2083 1318 2178 Barrem,

226 2305 230 2312 ³
310 2219 480 2291 civitatem
512 2238 782 2308 sarracenorum,
827 2237 914 2307 quae
955 2216 1079 2288 dudum
1119 2219 1319 2311 subjacebat

309 2352 427 2424 ditioni
455 2353 782 2424 beneventanorum:
821 2371 907 2440 quae
935 2350 1066 2441 civitas,
1096 2373 1199 2443 supra
1225 2375 1320 2427 mare

309 2489 384 2578 sita,
415 2486 545 2559 duobus
575 2491 626 2557 est
652 2508 674 2557 a
700 2486 841 2558 meridie
868 2484 1034 2558 latissimis
1053 2486 1182 2558 munita
1198 2488 1319 2576 muris;

310 2621 351 2692 ab
390 2620 546 2710 aquilone
583 2640 665 2692 vero
703 2619 789 2690 mari
824 2619 994 2710 prominet
1035 2619 1197 2711 exposita.
1258 2621 1326 2692 Hio‘

310 2754 426 2844 itaque
460 2756 615 2842 petentes
649 2751 834 2843 principem
869 2752 1011 2825 civitatis
1043 2753 1148 2844 illius,
1186 2755 1323 2828 nomine

313 2887 499 2976 suldanum,
528 2886 779 2978 impetravimus
807 2908 882 2958 cum
909 2886 1037 2959 duabus
1054 2888 1205 2979 epistolis
1225 2909 1323 2960 omne

314 3019 494 3109 navigandi
533 3020 720 3111 negotium,
772 3041 913 3110 quarum
951 3025 1062 3094 textus
1103 3023 1322 3112 epistolarum

310 3153 452 3245 principi
479 3153 704 3226 Alexandriae
733 3174 796 3226 nee
830 3175 896 3226 non
932 3159 968 3226 ct
996 3156 1206 3247 Babyloniae
1234 3157 1321 3229 uoti·

311 3289 391 3359 tiam
432 3290 545 3361 vultus
587 3288 695 3360 nostri
736 3289 792 3360 vel
833 3289 966 3362 itineris
1006 3290 1204 3381 exponebat.
1276 3291 1322 3363 Hi

312 3422 456 3514 denique
489 3423 655 3516 principes
687 3422 747 3494 sub
781 3421 923 3513 imperio
958 3428 1037 3496 sunt
1066 3426 1319 3516 amarmomini,

311 3557 368 3647 qui
399 3558 543 3648 imperat
560 3563 563 3568 '
578 3556 730 3628 omnibus
766 3557 970 3647 sarracenis,
1006 3558 1161 3631 habitans
1192 3559 1227 3629 in
1254 3559 1320 3631 Ba·

311 3690 399 3780 gada
427 3689 655 3780 militinam,
686 3694 877 3782 quaesunt
904 3691 993 3764 mua
1019 3690 1220 3766 Jerusalem
