2782 4290
188 454 253 520 abo

93 688 96 695 .
187 635 334 723 Propter
361 632 435 724 ejus
462 631 699 703 amoenitatem
728 631 770 703 de
799 650 840 701 ea
867 631 953 703 bene
987 630 1057 701 dici
1084 636 1201 721 potest

188 767 270 840 illud
292 766 430 839 Genes:
459 761 552 836 Aser
573 764 717 855 pinquis
737 763 847 853 ponis
874 763 951 850 ejus
979 769 1010 835 et
1030 764 1202 855 praebeas

188 900 327 972 delitias
354 898 497 989 necibus.
562 897 660 986 Quod
694 899 810 989 utique
838 897 1046 969 verificatum
1078 897 1143 968 fnit
1168 898 1202 968 in

188 1040 280 1105 sorte
307 1033 416 1105 tribus
443 1033 542 1103 Aser.
602 1032 643 1101 In
676 1030 785 1121 spatio
818 1033 876 1102 16.
912 1035 947 1101 11
981 1033 1043 1102 22.
1073 1031 1202 1122 quadro

191 1171 243 1236 est
275 1165 506 1255 Neptalim‚
544 1165 586 1235 de
619 1185 686 1254 qua
725 1162 789 1234 luit
815 1164 954 1235 Tobios:
988 1164 1084 1235 firmo
1126 1165 1201 1235 loco

189 1301 253 1370 sita
282 1304 316 1366 et
343 1298 560 1370 inaccessibili
589 1298 651 1369 nisi
679 1319 699 1368 a
727 1302 824 1386 parte
853 1297 992 1369 orientis
1013 1318 1076 1388 per
1098 1298 1203 1370 breve

189 1430 343 1520 spatium,
372 1431 462 1520 quod
489 1437 643 1522 ternpore
672 1430 795 1502 excidii
812 1431 996 1503 secundum
1014 1430 1204 1520 Josephum

189 1564 375 1654 Jonapatra
402 1563 592 1657 (lotapata)
621 1547 806 1655 dicebatur,
835 1564 870 1634 in
897 1585 963 1653 qua
989 1563 1202 1636 1111111131-

190 1697 276 1786 phus
305 1696 460 1769 obsessus
487 1696 549 1768 fuit
576 1698 769 1783 aromanis
790 1702 825 1769 et
846 1703 980 1786 captus:
1009 1716 1095 1788 quae
1114 1718 1200 1769 nunc

189 1828 311 1900 Siren
340 1829 472 1902 dicitur.
527 1830 595 1903 Sub
625 1833 687 1901 24.
716 1830 846 1920 quadro
868 1835 919 1902 est
939 1831 1018 1901 villa
1035 1830 1197 1921 Endor²

189 1962 231 2034 de
258 1985 325 2053 quo
343 1963 509 2034 Psalmus:
537 1962 781 2053 Disperieroot
798 1961 986 2036 ioEodor.
1041 1963 1109 2036 Sub
1141 1968 1200 2036 55.

188 2095 316 2185 quadro
345 2102 396 2168 est
422 2096 579 2169 Bethel
606 2097 641 2167 in
668 2098 760 2169 tribu
786 2097 977 2188 Benjamin‚
1007 2098 1065 2169 ubi
1092 2099 1199 2172 Jacob

119 2220 125 2227 ’
184 2229 333 2319 lapidem
367 2231 473 2301 erexit
505 2232 539 2300 in
572 2231 720 2322 titulum,
763 2231 897 2322 quando
935 2229 1022 2320 fugit
1056 2252 1076 2302 a
1115 2230 1198 2303 facie

188 2361 290 2451 Esau,
321 2363 506 2454 dormiens,
535 2364 593 2435 ubi
620 2364 704 2436 vidit
731 2365 855 2436 scalam
882 2369 964 2455 etc,
1003 2370 1039 2438 et
1066 2365 1201 2438 vocavit

187 2517 311 2567 nomen
339 2497 405 2568 loci
431 2497 521 2568 illius
549 2497 715 2588 Bethel,
746 2520 764 2568 a
799 2519 865 2588 qua
891 2519 1008 2570 versus
1037 2499 1200 2570 orientem

193 2634 244 2698 ost
270 2629 352 2699 Hai
379 2630 511 2720 civitas,
541 2631 584 2700 de
612 2652 679 2720 qna
706 2629 814 2703 Josue
842 2634 877 2702 8.
907 2632 1078 2703 scribitur.
1136 2631 1202 2703 Sub

193 2762 321 2850 quadro
366 2766 425 2834 69.
466 2770 518 2834 est
556 2763 762 2852 Mambre,
800 2765 858 2836 ubi
899 2764 1003 2854 longo
1048 2770 1203 2856 tempore

192 2895 358 2968 habitavit
384 2896 574 2987 Abraham,
610 2897 796 2987 sedensque
831 2899 874 2969 ad
907 2899 1018 2971 ilicem
1048 2897 1203 2971 Mambre

193 3030 227 3128 in
257 3030 342 3099 ostio
371 3030 580 3102 tabernaculi
608 3031 659 3102 sui
686 3031 772 3102 vidit
800 3032 977 3102 tresviros
997 3030 1202 3105 descenden-

193 3168 244 3233 tes
272 3145 450 3250 perviam
480 3169 544 3234 etc.
575 3162 697 3237 Genes.
729 3166 789 3243 18,
828 3164 897 3235 llex
922 3165 983 3235 ⁴illa
1011 3168 1201 3239 ostenditur

194 3265 295 3367 boclie
323 3301 400 3367 ante
429 3297 553 3367 ostium
580 3299 798 3370 tabernaculi.
854 3297 932 3389 Ipsa
957 3302 1073 3371 tamen
1105 3278 1201 3372 uetus

194 3429 298 3514 aruit;
334 3428 395 3498 sed
422 3428 465 3502 de
502 3432 616 3502 radice
652 3433 743 3522 ejus]
761 3433 826 3504 alia
860 3436 895 3502 et
927 3431 993 3502 alia
1027 3439 1106 3505 nata
1141 3441 1199 3507 est.

138 3575 142 3580 ·
194 3559 233 3630 ln
271 3563 333 3632 20.
380 3563 489 3651 spatio
535 3570 588 3636 est
629 3563 787 3636 Sochot
829 3565 940 3637 Judae
984 3566 1088 3657 juxta
1124 3568 1201 3642 val·

194 3693 271 3766 lem
299 3694 565 3790 Terebintbi,
594 3697 651 3768 ubi
670 3698 782 3772 David
800 3675 971 3771 interfecit
984 3699 1120 3773 Goliam
1146 3721 1199 3791 ge·
