2782 4290
1044 428 1109 492 227

93 599 163 674 Per
190 601 277 673 banc
302 604 456 690 tempore
475 601 611 692 pluviae
635 602 862 686 descendebat
883 603 1001 678 sordes
1027 607 1109 679 ciri-

95 733 178 805 tatis
204 733 239 804 in
265 738 450 806 torrentem
478 735 624 809 cedron.
661 736 729 810 Per
752 736 850 808 istam
868 743 1003 827 portam
1031 744 1107 811 erat

96 867 151 940 via
177 868 218 938 iu.
239 867 424 958 desertum,
453 870 542 959 quod
571 875 624 943 est
651 871 743 942 inter
769 868 958 943 Jerusalem
985 877 1021 943 et
1046 871 1107 944 Je-

94 999 206 1090 rieho,
249 1001 340 1091 quod
381 1022 469 1075 nunc
506 1003 632 1076 dicitur
671 1004 844 1077 desertum
884 1002 1108 1092 Quarantana.

98 1131 220 1205 Sexta,
244 1139 371 1225 porta
409 1142 484 1208 erat
529 1137 654 1210 vallis
698 1143 735 1209 et
773 1137 950 1210 dicebatur
988 1143 1112 1229 porta

97 1269 262 1362 gregis,
291 1270 369 1359 quia
395 1290 459 1360 per
485 1291 560 1342 eam
586 1270 829 1343 inducebantur
845 1290 967 1360 greges
993 1270 1112 1344 immo·

96 1403 191 1475 laudi
221 1403 265 1474 ad
291 1403 470 1493 templum,
505 1403 559 1475 cui
585 1395 837 1496 adjungebatur
870 1409 906 1475 et
933 1403 1027 1494 quasi
1054 1404 1113 1477 ad-

97 1536 265 1608 haerebat
305 1536 535 1627 probatica
568 1538 750 1629 piscina,
791 1537 826 1608 in
869 1557 936 1628 qua
980 1538 1112 1612 hostiae

98 1671 311 1744 lavabantur.
345 1670 436 1742 Huic
455 1676 575 1760 portae
594 1672 759 1746 adhaeret
772 1670 1112 1764 (turris)Ananael,

100 1825 186 1896 quae
215 1804 317 1876 etiam
343 1803 377 1874 N
384 1805 555 1877 obulosa
582 1805 777 1896 dicebatur,
813 1803 976 1876 utillud:
1005 1801 1114 1876 Aedi·

97 1936 259 2025 ficcbitur
275 1936 424 2010 Domino
453 1939 574 2010 ciuitas
601 1940 734 2010 utorrc‘
750 1935 912 2009 Aoaaoet
932 1959 1041 2028 osque
1068 1937 1116 2009 od

94 2076 237 2162 portum
263 2072 397 2163 cupuli,
433 2093 520 2164 quac
553 2078 605 2146 est
641 2079 738 2163 porta
771 2071 961 2164 Benjamin.
994 2069 1116 2142 -Hanc

100 2206 250 2277 turrim
277 2205 433 2280 Herodes
467 2226 608 2296 magnus
641 2205 841 2279 instauravit
873 2211 908 2277 et
943 2204 1116 2296 appelavit

103 2339 328 2412 Antoniam
362 2341 396 2412 in
430 2342 595 2414 honorem
621 2339 792 2431 cujusdam
819 2338 967 2412 Antonii.
1024 2337 1118 2410 Haec

103 2474 200 2546 ducit
235 2474 278 2545 ad
312 2479 460 2546 montem
496 2473 623 2548 Oliveti
657 2479 694 2546 et
727 2471 930 2544 Bethaniam
969 2478 1005 2543 et
1038 2471 1117 2544 dor-

108 2608 240 2679 dancm.
297 2607 450 2698 Septima
475 2613 573 2699 portu
600 2614 652 2680 est
677 2613 800 2697 porta
826 2626 965 2678 aurea.
1022 2604 1118 2677 Haec

107 2761 175 2813 non
197 2741 342 2813 ducebat
362 2743 395 2812 in
414 2741 583 2814 civitatem
601 2741 806 2829 immediate,
826 2739 937 2812 sedin
958 2739 1121 2829 templum

108 2895 172 2964 per
200 2873 438 2964 compendium
467 2875 509 2948 dc
536 2879 651 2946 monte
672 2871 796 2947 Oliveti
823 2894 888 2963 per
913 2873 1119 2945 testudinem

108 3007 290 3098 quamdam
317 3008 415 3080 sitam
441 3030 506 3099 per
533 3009 655 3081 vallem
681 3004 859 3098 vJosaphat.
885 2976 1041 3079 ‘Octava
1068 3010 1120 3078 est

108 3145 233 3230 porta
260 3161 480 3233 aquarum,
506 3142 585 3233 quia
603 3162 667 3232 per
680 3162 755 3214 eam
774 3142 995 3231 portabantur
1010 3158 1120 3231 aquae

108 3275 152 3347 de
185 3276 354 3347 natatoria
387 3273 486 3348 Silue.
553 3275 642 3346 Erat
680 3279 795 3346 autem
832 3275 897 3347 sita
931 3273 965 3343 in
997 3269 1121 3359 angulo

109 3414 230 3481 contra
258 3413 392 3499 partem
420 3408 522 3498 illam,
552 3408 611 3480 ubi
631 3428 727 3479 mons
746 3406 827 3479 Sion
849 3412 883 3478 et
899 3425 997 3482 mous
1010 3401 1122 3474 Moria

109 3543 165 3616 vel
192 3518 290 3614 mons
308 3541 501 3640 Herbarum
530 3542 735 3614 conveniunt
763 3542 797 3612 in
825 3537 948 3626 angulo
977 3535 1120 3606 duorum

108 3694 296 3765 murorum,
315 3674 443 3748 scilicet
461 3675 581 3746 montis
596 3673 685 3765 Sion,
717 3680 752 3744 et
766 3692 873 3762 muro,
895 3670 953 3763 qui
971 3667 1126 3756 cingebat

915 3795 953 3854 15
963 3789 980 3826 *
