2782 4290
1133 459 1199 526 259

186 636 482 727 damascenorum,
525 640 577 706 est
634 637 772 729 antiqua
819 639 857 707 ei
903 638 1023 710 nobilis
1080 639 1200 711 civitas

186 770 355 842 Baruih
389 771 580 863 (Berytus);
614 770 675 843 sed
713 776 834 861 portus
873 771 948 862 ejus
992 772 1200 862 periculosus

186 909 251 994 est,
279 907 313 975 in
343 925 442 996 quem
470 926 534 976 nos
562 909 681 976 ventus
701 904 869 994 aquilonis
889 905 1017 976 intrare
1036 906 1202 996 compulit

186 1040 222 1111 in
257 1039 374 1127 vigilia
411 1039 517 1109 sancti
551 1038 719 1127 Thomna,
761 1059 782 1108 a
814 1057 881 1127 quo
922 1039 1202 1127 regrediebamur

187 1172 232 1244 ad
260 1170 401 1261 grandia
428 1171 566 1242 flumina
593 1175 626 1243 in
654 1172 769 1260 vigilia
795 1173 978 1245 nativitatis
1003 1170 1138 1263 Christi,
1168 1178 1203 1243 et

186 1309 222 1378 in
256 1306 404 1377 diluculo
444 1307 617 1415 sequentis
656 1305 724 1376 diei
761 1306 838 1376 sesti
879 1306 1024 1377 eundem
1065 1312 1203 1398 portum
1254 1305 1260 1311 ’

186 1461 257 1511 non
285 1441 360 1511 sine
386 1445 479 1511 metu
507 1441 630 1511 iterum
657 1460 722 1529 per
747 1440 916 1511 turbinem
951 1442 1118 1532 compulsi
1145 1464 1202 1514 sn·

187 1595 265 1645 mus
292 1574 430 1661 intrare,
460 1573 528 1665 ubi,
557 1572 632 1643 fixis
660 1574 812 1663 ancoris,
848 1574 1012 1663 lugubres
1046 1579 1202 1648 stetimus

186 1728 298 1798 usque
326 1707 370 1778 ad
395 1707 484 1779 diem
514 1707 788 1791 circumcisionis,
844 1708 900 1779 Ab
922 1710 1081 1782 exteriori
1101 1715 1203 1801 porta

189 1841 347 1913 orientali
365 1841 518 1933 ejusdem
539 1842 684 1912 civitatis
703 1861 767 1930 per
788 1841 949 1913 ducentos
967 1848 1001 1913 et
1020 1846 1203 1933 nonaginta

188 1996 315 2064 passus
327 1975 517 2046 ostenditur
527 1975 632 2065 locus,
641 1976 698 2046 ubi
710 1975 1067 2066 beatusHieronymus
1076 1975 1204 2074 (Geor-

187 2109 277 2201 gius)
294 2112 489 2179 tortuosum
509 2129 654 2198 anguem
681 2107 861 2180 interfecit.
904 2107 974 2181 Sub
992 2111 1122 2200 quadro
1141 2114 1200 2181 31.

188 2247 242 2314 est
270 2241 364 2313 fons
392 2243 542 2334 lsrael,
573 2243 615 2314 de
643 2261 711 2332 quo
739 2242 849 2333 primo
870 2241 1011 2333 Regum,
1041 2244 1100 2315 ubi
1122 2243 1203 2315 Phi·

187 2377 291 2448 lisiim
308 2377 456 2448 fixerunt
472 2381 584 2448 castra
604 2397 675 2467 sua,
699 2398 774 2448 cum
793 2375 874 2448 Saul
898 2381 990 2447 esset
1005 2378 1038 2447 in
1058 2375 1200 2450 Gelboe.

189 2509 281 2582 luter
299 2508 658 2584 montemGelboe
679 2515 715 2583 et
737 2515 922 2583 montem
944 2511 1205 2584 Hermoniim

190 2649 242 2715 est
259 2644 358 2716 vallis
373 2644 516 2715 duarum
543 2646 714 2717 leucarum
731 2645 765 2715 in
780 2645 965 2717 latidudine
993 2647 1057 2739 (et)
1080 2646 1113 2716 in
1132 2645 1206 2717 lon-

155 2840 158 2845 .
190 2752 343 2866 gitudine
370 2799 437 2850 non
457 2784 535 2849 octo
563 2753 738 2850 leucarum
757 2779 922 2869 usquead
947 2777 1143 2871 Jordanem,
1173 2781 1207 2850 in

192 2933 258 3002 qua
290 2912 389 2984 multi
424 2912 598 2985 conflictus
630 2913 736 2985 habiti
777 2919 869 2984 sunt:
911 2912 1043 2985 Gideou
1089 2921 1206 2986 contra

192 3047 352 3137 Madian,
394 3045 510 3120 Achab
548 3052 666 3119 contra
699 3047 856 3138 assyrios,
897 3048 1068 3121 modernis
1103 3050 1206 3120 etiam

193 3181 404 3272 temporibus
432 3182 557 3252 tartari
580 3203 654 3252 cum
671 3182 874 3254 sarracenis.
916 3181 1074 3253 Eundem
1096 3183 1207 3252 locum

193 3292 325 3404 signavi
338 3336 413 3386 cum
427 3315 552 3404 gladio.
583 3314 652 3387 Sub
668 3315 797 3404 quadro
810 3317 869 3388 19.
888 3321 940 3387 est
957 3313 1067 3385 casale
1085 3311 1207 3383 Sanc-

194 3469 267 3536 gor
293 3447 453 3540 (Sanctus
470 3447 663 3542 Georgius),
686 3450 744 3520 ubi
768 3454 899 3520 sanctus
915 3446 1110 3517 Matthaeus
1134 3465 1208 3514 cre·
1262 3536 1265 3542 Ι

195 3583 286 3654 ditur
304 3582 409 3654 fuisse
423 3586 529 3654 natus.
557 3581 606 3654 Et
621 3588 671 3654 est
683 3585 782 3654 situm
797 3583 885 3653 inter
899 3584 1058 3651 montana
1068 3578 1102 3647 in
1119 3574 1207 3649 valle

196 3718 309 3808 pingui
327 3721 363 3789 et
383 3715 497 3807 fertili,
513 3736 600 3807 quae
621 3715 839 3806 protenditur
855 3714 897 3784 ad
916 3733 1009 3784 mare
1023 3710 1206 3785 Galilaeae.

998 3831 1064 3900 17*
