2782 4290
341 659 564 746 Pcregntnatio
587 658 625 726 de
646 659 773 728 Hebron
797 659 838 728 ad
861 658 1044 728 Jerusalem.

270 864 323 936 De
335 861 483 937 Hebron
501 882 619 936 versus
633 862 822 936 Jerusalem
849 863 1004 954 pergitur
1030 884 1093 956 per
1110 884 1204 935 mon·

191 1003 272 1070 tana
290 996 498 1088 dudae-ubi
523 994 657 1078 videtur
683 996 827 1068 domus
854 995 1109 1086 Zachariae,
1140 1019 1205 1088 qua

191 1132 292 1204 beata
317 1131 438 1220 virgo
467 1129 668 1202 visitavit
692 1128 935 1202 Elinabetb.
971 1129 1204 1205 Ibidemduae

192 1269 269 1337 sunt
305 1264 537 1354 ecclesiae,
580 1285 649 1337 una
688 1283 791 1357 super
830 1264 972 1336 alteram
1005 1262 1204 1355 aedificata;

191 1399 294 1471 altior
316 1403 441 1472 ,tamen
476 1403 529 1471 est
563 1396 743 1470 destructa.
808 1397 847 1470 In
880 1395 1032 1471 inferiori
1070 1397 1206 1488 quidem

193 1531 327 1605 videtur
354 1532 499 1605 scissura
525 1532 618 1624 rupis
637 1531 680 1619 ¹in
707 1552 803 1604 muro
828 1531 958 1622 dextro,
989 1552 1066 1604 cum
1093 1533 1207 1621 ingre-

152 1687 154 1692 ·
192 1666 292 1756 ditur,
321 1666 356 1736 in
382 1678 454 1756 ¹qna
482 1664 638 1738 latitabat
664 1685 751 1755 puer
773 1665 946 1739 Johannes
972 1686 1057 1756 prae
1085 1666 1207 1738 timore

194 1799 342 1872 Herodis
377 1799 468 1888 regis
501 1818 626 1888 pueros
659 1799 848 1874 occidentis.
902 1799 1036 1874 Deinde
1070 1802 1208 1874 deseen-

197 1934 288 2007 ditur
314 1955 377 2026 per
403 1931 570 2005 modicam
598 1933 801 2026 distantiam,
831 1938 867 2007 et
885 1937 1091 2006 monstratur
1116 1934 1207 2008 fons

146 2168 148 2172 Ι
192 2069 351 2141 saliens
381 2069 480 2160 juxta
514 2066 603 2138 viam
629 2087 651 2139 a
679 2066 825 2159 dextriS,
864 2068 952 2140 circa
987 2087 1088 2158 quam
1120 2068 1209 2142 sedit

193 2208 228 2275 et
245 2201 414 2294 requievit
432 2201 528 2290 virgo
550 2199 665 2303 Maria
686 2192 827 2290 fatigata
845 2221 886 2272 ex
902 2201 1035 2292 itinere,
1065 2202 1207 2275 visitans

191 2357 285 2409 snam
313 2339 505 2427 cognatam,
537 2354 623 2425 quae
650 2334 774 2408 ibidem
794 2335 858 2410 sibi
876 2336 1039 2429 obviavit,
1068 2341 1109 2408 ut
1129 2357 1204 2411 cro-

192 2469 291 2561 ditur,
321 2475 357 2541 et
384 2469 484 2541 dixit:
520 2467 619 2542 Uada
644 2467 729 2540 anibi
755 2467 833 2559 boc,
861 2473 900 2541 ot
925 2474 1035 2542 mater
1060 2468 1206 2544 Domini

191 2603 256 2675 mci
289 2604 403 2675 caniet
441 2603 489 2676 od
522 2601 601 2676 mc?
643 2602 774 2675 Ibidem
808 2604 883 2693 ipsa
922 2607 1032 2678 mater
1064 2604 1206 2678 Domini

190 2736 272 2809 fecit
299 2737 472 2831 namucum,
502 2738 646 2810 seilicet:
674 2734 883 2826 annificod
903 2738 1021 2810 naimo
1036 2759 1115 2810 mco
1132 2736 1207 2813 Do-

190 2872 329 2944 minam.
385 2871 469 2945 Post
502 2872 567 2945 hoc
594 2870 784 2944 declinatur
812 2891 831 2942 a
857 2871 922 2944 via
945 2871 989 2944 ad
1022 2873 1204 2965 sinistram,

162 3006 233 3097 ,ad
270 3007 448 3098 quemdam
483 3006 619 3096 collem,
661 3025 728 3098 quo
769 3009 868 3094 grata
900 3004 963 3078 fuit
996 3008 1204 3099 ecclesia,

192 3161 280 3213 nunc
308 3145 422 3214 autem
448 3140 621 3231 inquinata
642 3139 820 3213 ruderibus
848 3144 882 3211 et
907 3141 1009 3230 plena
1034 3142 1206 3214 mulorum

193 3276 419 3365 stercoribus,
459 3294 558 3365 quam
585 3274 656 3347 sine
682 3275 809 3347 tributo
836 3270 1038 3364 peregrinus
1065 3295 1134 3347 non
1160 3277 1210 3348 in-

188 3409 350 3499 graditur.
389 3408 520 3482 Ibidem
547 3400 672 3508 n'atus
700 3411 766 3480 est
793 3411 967 3480 sanctus
988 3406 1209 3482 Johannes

189 3543 404 3635 Baptista,
446 3543 533 3615 filius
568 3541 755 3614 Zachariae
797 3540 961 3614 dicentis:
998 3539 1208 3617 Benedictus

189 3675 361 3748 Dominus
390 3682 455 3749 eto.
490 3676 624 3750 Deinde
644 3675 847 3767 pervenitur
874 3673 917 3746 ad
945 3674 1045 3748 aliam
1073 3676 1209 3750 eccle-
