<?xml version="1.0" encoding="UTF-8"?>
<!DOCTYPE html PUBLIC "-//W3C//DTD XHTML 1.0 Transitional//EN"
    "http://www.w3.org/TR/xhtml1/DTD/xhtml1-transitional.dtd">
<html xmlns="http://www.w3.org/1999/xhtml" xml:lang="en" lang="en">
 <head>
  <title>
</title>
<meta http-equiv="Content-Type" content="text/html;charset=utf-8" />
  <meta name='ocr-system' content='tesseract 3.04.00' />
  <meta name='ocr-capabilities' content='ocr_page ocr_carea ocr_par ocr_line ocrx_word'/>
</head>
<body>
  <div class='ocr_page' id='page_1' title='image "./descriptioneste01toblgoog_0246.png"; bbox 0 0 2782 4290; ppageno 0'>
   <div class='ocr_carea' id='block_1_1' title="bbox 1006 409 1074 486">
    <p class='ocr_par' dir='ltr' id='par_1_1' title="bbox 1006 409 1074 486">
     <span class='ocr_line' id='line_1_1' title="bbox 1006 409 1074 486; baseline 0.015 -1"><span class='ocrx_word' id='word_1_1' title='bbox 1006 409 1074 486; x_wconf 74' lang='grc'>299</span> 
     </span>
    </p>
   </div>
   <div class='ocr_carea' id='block_1_2' title="bbox 45 585 1082 3765">
    <p class='ocr_par' dir='ltr' id='par_1_2' title="bbox 45 585 1080 2277">
     <span class='ocr_line' id='line_1_2' title="bbox 58 585 1076 691; baseline 0.002 -18"><span class='ocrx_word' id='word_1_2' title='bbox 58 599 182 690; x_wconf 73' lang='lat' dir='ltr'>dion,</span> <span class='ocrx_word' id='word_1_3' title='bbox 212 601 270 690; x_wconf 90' lang='lat' dir='ltr'>qui</span> <span class='ocrx_word' id='word_1_4' title='bbox 297 598 470 690; x_wconf 83' lang='lat' dir='ltr'>colligitur</span> <span class='ocrx_word' id='word_1_5' title='bbox 495 585 553 671; x_wconf 64' lang='lat' dir='ltr'>de&#39;</span> <span class='ocrx_word' id='word_1_6' title='bbox 566 587 795 690; x_wconf 78' lang='lat' dir='ltr'>snper-loribus</span> <span class='ocrx_word' id='word_1_7' title='bbox 821 602 974 691; x_wconf 87' lang='lat' dir='ltr'>partibus</span> <span class='ocrx_word' id='word_1_8' title='bbox 995 589 1076 675; x_wconf 79' lang='lat' dir='ltr'>ciri-</span> 
     </span>
     <span class='ocr_line' id='line_1_3' title="bbox 45 720 1075 823; baseline 0.002 -17"><span class='ocrx_word' id='word_1_9' title='bbox 45 732 144 806; x_wconf 56' lang='lat' dir='ltr'>‘tatis</span> <span class='ocrx_word' id='word_1_10' title='bbox 177 738 213 804; x_wconf 91' lang='lat' dir='ltr'>et</span> <span class='ocrx_word' id='word_1_11' title='bbox 244 733 417 805; x_wconf 83' lang='lat' dir='ltr'>montium.</span> <span class='ocrx_word' id='word_1_12' title='bbox 475 731 563 805; x_wconf 88' lang='lat' dir='ltr'>Nam</span> <span class='ocrx_word' id='word_1_13' title='bbox 592 720 689 823; x_wconf 82' lang='lat' dir='ltr'>juxta</span> <span class='ocrx_word' id='word_1_14' title='bbox 717 733 885 806; x_wconf 85' lang='lat' dir='ltr'>Ramatha</span> <span class='ocrx_word' id='word_1_15' title='bbox 921 741 955 806; x_wconf 89' lang='lat' dir='ltr'>et</span> <span class='ocrx_word' id='word_1_16' title='bbox 982 737 1075 808; x_wconf 81' lang='lat' dir='ltr'>Ana·</span> 
     </span>
     <span class='ocr_line' id='line_1_4' title="bbox 59 865 1076 958; baseline 0.001 -18"><span class='ocrx_word' id='word_1_17' title='bbox 59 867 159 957; x_wconf 79' lang='lat' dir='ltr'>thot,</span> <span class='ocrx_word' id='word_1_18' title='bbox 193 865 297 956; x_wconf 84' lang='lat' dir='ltr'>lenge</span> <span class='ocrx_word' id='word_1_19' title='bbox 331 886 359 949; x_wconf 85' lang='lat' dir='ltr'>a</span> <span class='ocrx_word' id='word_1_20' title='bbox 384 867 562 957; x_wconf 87' lang='lat' dir='ltr'>sepulchro</span> <span class='ocrx_word' id='word_1_21' title='bbox 595 867 716 939; x_wconf 64' lang='lat' dir='ltr'>beans</span> <span class='ocrx_word' id='word_1_22' title='bbox 743 867 898 958; x_wconf 77' lang='lat' dir='ltr'>virginis,</span> <span class='ocrx_word' id='word_1_23' title='bbox 941 869 1076 941; x_wconf 80' lang='lat' dir='ltr'><strong>auditur</strong></span> 
     </span>
     <span class='ocr_line' id='line_1_5' title="bbox 60 999 1076 1096; baseline 0.003 -24"><span class='ocrx_word' id='word_1_24' title='bbox 60 999 227 1090; x_wconf 88' lang='lat' dir='ltr'>strepitus</span> <span class='ocrx_word' id='word_1_25' title='bbox 255 1001 328 1092; x_wconf 87' lang='lat' dir='ltr'>ejus</span> <span class='ocrx_word' id='word_1_26' title='bbox 354 1000 537 1074; x_wconf 89' lang='lat' dir='ltr'>subterra.</span> <span class='ocrx_word' id='word_1_27' title='bbox 573 999 787 1074; x_wconf 70' lang='lat' dir='ltr'><strong>Descendens</strong></span> <span class='ocrx_word' id='word_1_28' title='bbox 814 1001 1076 1096; x_wconf 81' lang='lat' dir='ltr'>(descendimus)</span> 
     </span>
     <span class='ocr_line' id='line_1_6' title="bbox 60 1129 1076 1226; baseline 0.002 -19"><span class='ocrx_word' id='word_1_29' title='bbox 60 1133 263 1207; x_wconf 86' lang='lat' dir='ltr'>submonte</span> <span class='ocrx_word' id='word_1_30' title='bbox 278 1129 478 1206; x_wconf 85' lang='lat' dir='ltr'>Offensionis</span> <span class='ocrx_word' id='word_1_31' title='bbox 501 1135 535 1206; x_wconf 93' lang='lat' dir='ltr'>in</span> <span class='ocrx_word' id='word_1_32' title='bbox 560 1133 712 1226; x_wconf 82' lang='lat' dir='ltr'>vallem</span> <span class='ocrx_word' id='word_1_33' title='bbox 735 1133 961 1208; x_wconf 81' lang='lat' dir='ltr'>Gelrcnnnn</span> <span class='ocrx_word' id='word_1_34' title='bbox 988 1137 1076 1209; x_wconf 90' lang='lat' dir='ltr'>sive</span> 
     </span>
     <span class='ocr_line' id='line_1_7' title="bbox 62 1266 1079 1359; baseline 0.003 -21"><span class='ocrx_word' id='word_1_35' title='bbox 62 1266 247 1357; x_wconf 80' lang='lat' dir='ltr'>Tophct,</span> <span class='ocrx_word' id='word_1_36' title='bbox 289 1267 324 1338; x_wconf 93' lang='lat' dir='ltr'>in</span> <span class='ocrx_word' id='word_1_37' title='bbox 363 1286 431 1358; x_wconf 86' lang='lat' dir='ltr'>quo</span> <span class='ocrx_word' id='word_1_38' title='bbox 470 1272 521 1338; x_wconf 87' lang='lat' dir='ltr'>est</span> <span class='ocrx_word' id='word_1_39' title='bbox 553 1268 664 1359; x_wconf 88' lang='lat' dir='ltr'>lapis</span> <span class='ocrx_word' id='word_1_40' title='bbox 697 1268 881 1341; x_wconf 87' lang='lat' dir='ltr'>Zoaleth</span> <span class='ocrx_word' id='word_1_41' title='bbox 916 1272 952 1340; x_wconf 91' lang='lat' dir='ltr'>et</span> <span class='ocrx_word' id='word_1_42' title='bbox 984 1269 1079 1341; x_wconf 84' lang='lat' dir='ltr'>lons</span> 
     </span>
     <span class='ocr_line' id='line_1_8' title="bbox 62 1398 1079 1490; baseline 0.002 -20"><span class='ocrx_word' id='word_1_43' title='bbox 62 1398 217 1490; x_wconf 65' lang='lat' dir='ltr'>kostel,</span> <span class='ocrx_word' id='word_1_44' title='bbox 245 1399 303 1472; x_wconf 88' lang='lat' dir='ltr'>ubi</span> <span class='ocrx_word' id='word_1_45' title='bbox 330 1398 479 1472; x_wconf 87' lang='lat' dir='ltr'>Adonias</span> <span class='ocrx_word' id='word_1_46' title='bbox 505 1402 692 1475; x_wconf 86' lang='lat' dir='ltr'>immolavit</span> <span class='ocrx_word' id='word_1_47' title='bbox 719 1403 879 1476; x_wconf 86' lang='lat' dir='ltr'>victimas.</span> <span class='ocrx_word' id='word_1_48' title='bbox 924 1401 973 1475; x_wconf 78' lang='lat' dir='ltr'>nt</span> <span class='ocrx_word' id='word_1_49' title='bbox 1000 1408 1079 1474; x_wconf 90' lang='lat' dir='ltr'>sunt</span> 
     </span>
     <span class='ocr_line' id='line_1_9' title="bbox 62 1530 1078 1626; baseline 0.003 -21"><span class='ocrx_word' id='word_1_50' title='bbox 62 1533 112 1606; x_wconf 90' lang='lat' dir='ltr'>ibi</span> <span class='ocrx_word' id='word_1_51' title='bbox 138 1533 216 1606; x_wconf 83' lang='lat' dir='ltr'>laea</span> <span class='ocrx_word' id='word_1_52' title='bbox 240 1530 369 1605; x_wconf 82' lang='lat' dir='ltr'>fertilia</span> <span class='ocrx_word' id='word_1_53' title='bbox 395 1537 540 1624; x_wconf 87' lang='lat' dir='ltr'>propter</span> <span class='ocrx_word' id='word_1_54' title='bbox 559 1555 665 1626; x_wconf 84' lang='lat' dir='ltr'>aquas</span> <span class='ocrx_word' id='word_1_55' title='bbox 682 1536 741 1607; x_wconf 88' lang='lat' dir='ltr'>illa</span> <span class='ocrx_word' id='word_1_56' title='bbox 760 1536 954 1626; x_wconf 77' lang='lat' dir='ltr'>irrigantes,</span> <span class='ocrx_word' id='word_1_57' title='bbox 988 1537 1078 1610; x_wconf 87' lang='lat' dir='ltr'>Visis</span> 
     </span>
     <span class='ocr_line' id='line_1_10' title="bbox 63 1666 1078 1761; baseline 0.003 -23"><span class='ocrx_word' id='word_1_58' title='bbox 63 1666 314 1758; x_wconf 76' lang='lat' dir='ltr'>hisamitas,</span> <span class='ocrx_word' id='word_1_59' title='bbox 353 1668 593 1741; x_wconf 88' lang='lat' dir='ltr'>revertendum</span> <span class='ocrx_word' id='word_1_60' title='bbox 627 1674 679 1742; x_wconf 89' lang='lat' dir='ltr'>est</span> <span class='ocrx_word' id='word_1_61' title='bbox 712 1691 775 1761; x_wconf 89' lang='lat' dir='ltr'>per</span> <span class='ocrx_word' id='word_1_62' title='bbox 806 1669 945 1743; x_wconf 88' lang='lat' dir='ltr'>eandem</span> <span class='ocrx_word' id='word_1_63' title='bbox 978 1671 1078 1761; x_wconf 84' lang='lat' dir='ltr'>viam,</span> 
     </span>
     <span class='ocr_line' id='line_1_11' title="bbox 64 1801 1080 1894; baseline 0.001 -21"><span class='ocrx_word' id='word_1_64' title='bbox 64 1820 134 1893; x_wconf 84' lang='lat' dir='ltr'>qna</span> <span class='ocrx_word' id='word_1_65' title='bbox 162 1801 331 1891; x_wconf 88' lang='lat' dir='ltr'>venimus,</span> <span class='ocrx_word' id='word_1_66' title='bbox 365 1823 481 1874; x_wconf 87' lang='lat' dir='ltr'>versus</span> <span class='ocrx_word' id='word_1_67' title='bbox 509 1803 700 1893; x_wconf 87' lang='lat' dir='ltr'>civitatem,</span> <span class='ocrx_word' id='word_1_68' title='bbox 736 1824 841 1894; x_wconf 85' lang='lat' dir='ltr'>usquc</span> <span class='ocrx_word' id='word_1_69' title='bbox 868 1804 911 1875; x_wconf 95' lang='lat' dir='ltr'>ad</span> <span class='ocrx_word' id='word_1_70' title='bbox 941 1803 1080 1894; x_wconf 88' lang='lat' dir='ltr'>capel-</span> 
     </span>
     <span class='ocr_line' id='line_1_12' title="bbox 64 1926 1080 2028; baseline 0 -20"><span class='ocrx_word' id='word_1_71' title='bbox 64 1937 145 2008; x_wconf 86' lang='lat' dir='ltr'>lam</span> <span class='ocrx_word' id='word_1_72' title='bbox 174 1934 266 2007; x_wconf 88' lang='lat' dir='ltr'>beati</span> <span class='ocrx_word' id='word_1_73' title='bbox 285 1933 436 2007; x_wconf 84' lang='lat' dir='ltr'>Jacnbi</span> <span class='ocrx_word' id='word_1_74' title='bbox 462 1936 655 2026; x_wconf 85' lang='lat' dir='ltr'>minoris,</span> <span class='ocrx_word' id='word_1_75' title='bbox 684 1956 771 2027; x_wconf 90' lang='lat' dir='ltr'>quae</span> <span class='ocrx_word' id='word_1_76' title='bbox 788 1941 839 2008; x_wconf 88' lang='lat' dir='ltr'>est</span> <span class='ocrx_word' id='word_1_77' title='bbox 849 1937 949 2028; x_wconf 72' lang='lat' dir='ltr'>Juxta</span> <span class='ocrx_word' id='word_1_78' title='bbox 962 1926 1080 2008; x_wconf 74' lang='lat' dir='ltr'>arcam</span> 
     </span>
     <span class='ocr_line' id='line_1_13' title="bbox 64 2059 1077 2162; baseline -0.001 -20"><span class='ocrx_word' id='word_1_79' title='bbox 64 2068 248 2142; x_wconf 88' lang='lat' dir='ltr'>testudinis</span> <span class='ocrx_word' id='word_1_80' title='bbox 276 2065 421 2160; x_wconf 85' lang='lat' dir='ltr'>Oedrnn,</span> <span class='ocrx_word' id='word_1_81' title='bbox 451 2070 494 2141; x_wconf 93' lang='lat' dir='ltr'>de</span> <span class='ocrx_word' id='word_1_82' title='bbox 522 2091 587 2161; x_wconf 87' lang='lat' dir='ltr'>que</span> <span class='ocrx_word' id='word_1_83' title='bbox 614 2068 707 2162; x_wconf 84' lang='lat' dir='ltr'>prius</span> <span class='ocrx_word' id='word_1_84' title='bbox 733 2059 862 2142; x_wconf 80' lang='lat' dir='ltr'>inentia</span> <span class='ocrx_word' id='word_1_85' title='bbox 898 2074 951 2143; x_wconf 88' lang='lat' dir='ltr'>est</span> <span class='ocrx_word' id='word_1_86' title='bbox 978 2069 1077 2159; x_wconf 85' lang='lat' dir='ltr'>iacta,</span> 
     </span>
     <span class='ocr_line' id='line_1_14' title="bbox 64 2202 876 2277; baseline -0.001 -2"><span class='ocrx_word' id='word_1_87' title='bbox 64 2224 145 2275; x_wconf 85' lang='lat' dir='ltr'>cnm</span> <span class='ocrx_word' id='word_1_88' title='bbox 171 2202 455 2276; x_wconf 88' lang='lat' dir='ltr'>descendebamus</span> <span class='ocrx_word' id='word_1_89' title='bbox 482 2204 525 2276; x_wconf 89' lang='lat' dir='ltr'>de</span> <span class='ocrx_word' id='word_1_90' title='bbox 552 2209 665 2276; x_wconf 87' lang='lat' dir='ltr'>monte</span> <span class='ocrx_word' id='word_1_91' title='bbox 693 2202 876 2277; x_wconf 83' lang='lat' dir='ltr'>Olivarunr.</span> 
     </span>
    </p>

    <p class='ocr_par' dir='ltr' id='par_1_3' title="bbox 64 2335 1082 3765">
     <span class='ocr_line' id='line_1_15' title="bbox 146 2335 1076 2428; baseline -0.004 -19"><span class='ocrx_word' id='word_1_92' title='bbox 146 2335 203 2409; x_wconf 82' lang='lat' dir='ltr'>Ab</span> <span class='ocrx_word' id='word_1_93' title='bbox 223 2356 265 2408; x_wconf 87' lang='lat' dir='ltr'>eo</span> <span class='ocrx_word' id='word_1_94' title='bbox 284 2336 389 2426; x_wconf 86' lang='lat' dir='ltr'>igitur</span> <span class='ocrx_word' id='word_1_95' title='bbox 405 2357 614 2428; x_wconf 86' lang='lat' dir='ltr'>arcu-usque</span> <span class='ocrx_word' id='word_1_96' title='bbox 636 2337 680 2410; x_wconf 93' lang='lat' dir='ltr'>ad</span> <span class='ocrx_word' id='word_1_97' title='bbox 706 2338 864 2410; x_wconf 89' lang='lat' dir='ltr'>domum</span> <span class='ocrx_word' id='word_1_98' title='bbox 880 2335 1076 2427; x_wconf 81' lang='lat' dir='ltr'>Caiphae,</span> 
     </span>
     <span class='ocr_line' id='line_1_16' title="bbox 64 2468 1075 2563; baseline -0.002 -20"><span class='ocrx_word' id='word_1_99' title='bbox 64 2475 235 2563; x_wconf 86' lang='lat' dir='ltr'>quaeest</span> <span class='ocrx_word' id='word_1_100' title='bbox 266 2469 301 2540; x_wconf 94' lang='lat' dir='ltr'>in</span> <span class='ocrx_word' id='word_1_101' title='bbox 334 2471 507 2543; x_wconf 86' lang='lat' dir='ltr'>cacumine</span> <span class='ocrx_word' id='word_1_102' title='bbox 540 2471 664 2543; x_wconf 87' lang='lat' dir='ltr'>montis</span> <span class='ocrx_word' id='word_1_103' title='bbox 691 2470 788 2562; x_wconf 86' lang='lat' dir='ltr'>Sion,</span> <span class='ocrx_word' id='word_1_104' title='bbox 829 2477 908 2544; x_wconf 85' lang='lat' dir='ltr'>sunt</span> <span class='ocrx_word' id='word_1_105' title='bbox 941 2468 1075 2541; x_wconf 84' lang='lat' dir='ltr'>d.cc.30</span> 
     </span>
     <span class='ocr_line' id='line_1_17' title="bbox 66 2602 1077 2698; baseline -0.002 -22"><span class='ocrx_word' id='word_1_106' title='bbox 66 2624 197 2698; x_wconf 82' lang='lat' dir='ltr'>passus</span> <span class='ocrx_word' id='word_1_107' title='bbox 262 2602 300 2674; x_wconf 93' lang='lat' dir='ltr'>ln</span> <span class='ocrx_word' id='word_1_108' title='bbox 333 2624 472 2677; x_wconf 86' lang='lat' dir='ltr'>ascensu</span> <span class='ocrx_word' id='word_1_109' title='bbox 505 2605 613 2696; x_wconf 81' lang='lat' dir='ltr'>prime</span> <span class='ocrx_word' id='word_1_110' title='bbox 650 2604 846 2696; x_wconf 87' lang='lat' dir='ltr'>pervcnitur</span> <span class='ocrx_word' id='word_1_111' title='bbox 878 2604 922 2676; x_wconf 91' lang='lat' dir='ltr'>ad</span> <span class='ocrx_word' id='word_1_112' title='bbox 955 2603 1077 2693; x_wconf 83' lang='lat' dir='ltr'>lacurn,</span> 
     </span>
     <span class='ocr_line' id='line_1_18' title="bbox 64 2735 1079 2829; baseline -0.003 -19"><span class='ocrx_word' id='word_1_113' title='bbox 64 2738 125 2812; x_wconf 86' lang='lat' dir='ltr'>ubi</span> <span class='ocrx_word' id='word_1_114' title='bbox 160 2735 297 2809; x_wconf 82' lang='lat' dir='ltr'>videtur</span> <span class='ocrx_word' id='word_1_115' title='bbox 328 2741 430 2829; x_wconf 85' lang='lat' dir='ltr'>porta</span> <span class='ocrx_word' id='word_1_116' title='bbox 463 2738 593 2829; x_wconf 84' lang='lat' dir='ltr'>clausa,</span> <span class='ocrx_word' id='word_1_117' title='bbox 629 2759 693 2829; x_wconf 90' lang='lat' dir='ltr'>per</span> <span class='ocrx_word' id='word_1_118' title='bbox 725 2759 826 2829; x_wconf 90' lang='lat' dir='ltr'>quam</span> <span class='ocrx_word' id='word_1_119' title='bbox 851 2739 954 2810; x_wconf 91' lang='lat' dir='ltr'>beata</span> <span class='ocrx_word' id='word_1_120' title='bbox 981 2737 1079 2826; x_wconf 84' lang='lat' dir='ltr'>virgo</span> 
     </span>
     <span class='ocr_line' id='line_1_19' title="bbox 66 2869 1078 2962; baseline -0.003 -19"><span class='ocrx_word' id='word_1_121' title='bbox 66 2870 215 2961; x_wconf 86' lang='lat' dir='ltr'>intravit,</span> <span class='ocrx_word' id='word_1_122' title='bbox 231 2869 309 2942; x_wconf 90' lang='lat' dir='ltr'>dum</span> <span class='ocrx_word' id='word_1_123' title='bbox 325 2890 468 2961; x_wconf 89' lang='lat' dir='ltr'>puerum</span> <span class='ocrx_word' id='word_1_124' title='bbox 479 2871 596 2945; x_wconf 88' lang='lat' dir='ltr'>Jesum</span> <span class='ocrx_word' id='word_1_125' title='bbox 609 2872 837 2962; x_wconf 87' lang='lat' dir='ltr'>praesentavit</span> <span class='ocrx_word' id='word_1_126' title='bbox 852 2871 885 2942; x_wconf 94' lang='lat' dir='ltr'>in</span> <span class='ocrx_word' id='word_1_127' title='bbox 904 2870 1078 2962; x_wconf 89' lang='lat' dir='ltr'>templum.</span> 
     </span>
     <span class='ocr_line' id='line_1_20' title="bbox 65 2994 1080 3079; baseline -0.003 -1"><span class='ocrx_word' id='word_1_128' title='bbox 65 3003 197 3078; x_wconf 87' lang='lat' dir='ltr'>Deinde</span> <span class='ocrx_word' id='word_1_129' title='bbox 230 3003 331 3076; x_wconf 88' lang='lat' dir='ltr'>altius</span> <span class='ocrx_word' id='word_1_130' title='bbox 364 3004 575 3079; x_wconf 88' lang='lat' dir='ltr'>ascendendo</span> <span class='ocrx_word' id='word_1_131' title='bbox 602 3026 719 3078; x_wconf 82' lang='lat' dir='ltr'>versus</span> <span class='ocrx_word' id='word_1_132' title='bbox 753 2994 908 3078; x_wconf 84' lang='lat' dir='ltr'>occidens</span> <span class='ocrx_word' id='word_1_133' title='bbox 946 3010 998 3078; x_wconf 90' lang='lat' dir='ltr'>cst</span> <span class='ocrx_word' id='word_1_134' title='bbox 1030 3004 1080 3075; x_wconf 88' lang='lat' dir='ltr'>lo·</span> 
     </span>
     <span class='ocr_line' id='line_1_21' title="bbox 67 3135 1078 3229; baseline -0.005 -18"><span class='ocrx_word' id='word_1_135' title='bbox 67 3159 136 3229; x_wconf 88' lang='lat' dir='ltr'>cus,</span> <span class='ocrx_word' id='word_1_136' title='bbox 167 3137 225 3229; x_wconf 86' lang='lat' dir='ltr'>qni</span> <span class='ocrx_word' id='word_1_137' title='bbox 251 3137 357 3227; x_wconf 80' lang='lat' dir='ltr'>galli</span> <span class='ocrx_word' id='word_1_138' title='bbox 390 3143 539 3211; x_wconf 88' lang='lat' dir='ltr'>cantus</span> <span class='ocrx_word' id='word_1_139' title='bbox 566 3139 703 3229; x_wconf 82' lang='lat' dir='ltr'>dicitur,</span> <span class='ocrx_word' id='word_1_140' title='bbox 732 3158 799 3228; x_wconf 88' lang='lat' dir='ltr'>quo</span> <span class='ocrx_word' id='word_1_141' title='bbox 827 3137 949 3209; x_wconf 89' lang='lat' dir='ltr'>Petrus</span> <span class='ocrx_word' id='word_1_142' title='bbox 975 3135 1078 3224; x_wconf 86' lang='lat' dir='ltr'>flevit,</span> 
     </span>
     <span class='ocr_line' id='line_1_22' title="bbox 68 3263 1080 3363; baseline -0.005 -19"><span class='ocrx_word' id='word_1_143' title='bbox 68 3272 197 3346; x_wconf 86' lang='lat' dir='ltr'>distans</span> <span class='ocrx_word' id='word_1_144' title='bbox 238 3292 260 3343; x_wconf 89' lang='lat' dir='ltr'>a</span> <span class='ocrx_word' id='word_1_145' title='bbox 298 3270 397 3343; x_wconf 87' lang='lat' dir='ltr'>domo</span> <span class='ocrx_word' id='word_1_146' title='bbox 423 3264 586 3361; x_wconf 66' lang='lat' dir='ltr'>‘Caiphae</span> <span class='ocrx_word' id='word_1_147' title='bbox 625 3263 780 3345; x_wconf 79' lang='lat' dir='ltr'>clxxxvii</span> <span class='ocrx_word' id='word_1_148' title='bbox 823 3292 952 3363; x_wconf 89' lang='lat' dir='ltr'>passus.</span> <span class='ocrx_word' id='word_1_149' title='bbox 1025 3268 1080 3340; x_wconf 89' lang='lat' dir='ltr'>De</span> 
     </span>
     <span class='ocr_line' id='line_1_23' title="bbox 69 3404 1078 3496; baseline -0.004 -20"><span class='ocrx_word' id='word_1_150' title='bbox 69 3405 144 3478; x_wconf 87' lang='lat' dir='ltr'>lacn</span> <span class='ocrx_word' id='word_1_151' title='bbox 172 3404 348 3496; x_wconf 85' lang='lat' dir='ltr'>praedicto</span> <span class='ocrx_word' id='word_1_152' title='bbox 376 3404 478 3476; x_wconf 89' lang='lat' dir='ltr'>altius</span> <span class='ocrx_word' id='word_1_153' title='bbox 509 3406 580 3476; x_wconf 88' lang='lat' dir='ltr'>itur</span> <span class='ocrx_word' id='word_1_154' title='bbox 605 3426 723 3479; x_wconf 82' lang='lat' dir='ltr'>versus</span> <span class='ocrx_word' id='word_1_155' title='bbox 751 3406 906 3479; x_wconf 87' lang='lat' dir='ltr'>occidens</span> <span class='ocrx_word' id='word_1_156' title='bbox 938 3423 1001 3495; x_wconf 85' lang='lat' dir='ltr'>per</span> <span class='ocrx_word' id='word_1_157' title='bbox 1028 3405 1078 3473; x_wconf 90' lang='lat'>80</span> 
     </span>
     <span class='ocr_line' id='line_1_24' title="bbox 72 3536 1082 3630; baseline -0.004 -18"><span class='ocrx_word' id='word_1_158' title='bbox 72 3559 186 3630; x_wconf 87' lang='lat' dir='ltr'>passus</span> <span class='ocrx_word' id='word_1_159' title='bbox 211 3538 346 3630; x_wconf 82' lang='lat' dir='ltr'>pedum.</span> <span class='ocrx_word' id='word_1_160' title='bbox 408 3538 521 3629; x_wconf 91' lang='lat' dir='ltr'>Prope</span> <span class='ocrx_word' id='word_1_161' title='bbox 547 3543 684 3630; x_wconf 86' lang='lat' dir='ltr'>portam</span> <span class='ocrx_word' id='word_1_162' title='bbox 710 3539 880 3629; x_wconf 88' lang='lat' dir='ltr'>plateae</span> <span class='ocrx_word' id='word_1_163' title='bbox 909 3536 1082 3628; x_wconf 83' lang='lat' dir='ltr'>judaec·</span> 
     </span>
     <span class='ocr_line' id='line_1_25' title="bbox 75 3667 1082 3765; baseline -0.002 -23"><span class='ocrx_word' id='word_1_164' title='bbox 75 3667 176 3764; x_wconf 68' lang='lat' dir='ltr'>rn&#39;rn,</span> <span class='ocrx_word' id='word_1_165' title='bbox 205 3692 294 3762; x_wconf 89' lang='lat' dir='ltr'>quae</span> <span class='ocrx_word' id='word_1_166' title='bbox 315 3693 335 3742; x_wconf 91' lang='lat' dir='ltr'>a</span> <span class='ocrx_word' id='word_1_167' title='bbox 356 3671 493 3744; x_wconf 81' lang='lat' dir='ltr'>civitate</span> <span class='ocrx_word' id='word_1_168' title='bbox 520 3673 656 3764; x_wconf 80' lang='lat' dir='ltr'>respicit</span> <span class='ocrx_word' id='word_1_169' title='bbox 673 3673 717 3744; x_wconf 91' lang='lat' dir='ltr'>ad</span> <span class='ocrx_word' id='word_1_170' title='bbox 734 3675 892 3765; x_wconf 84' lang='lat' dir='ltr'>austrum,</span> <span class='ocrx_word' id='word_1_171' title='bbox 920 3673 973 3741; x_wconf 88' lang='lat' dir='ltr'>est</span> <span class='ocrx_word' id='word_1_172' title='bbox 989 3669 1082 3740; x_wconf 86' lang='lat' dir='ltr'>locus</span> 
     </span>
    </p>
   </div>
   <div class='ocr_carea' id='block_1_3' title="bbox 0 0 1412 4290">
    <p class='ocr_par' dir='ltr' id='par_1_4' title="bbox 0 0 1412 4290">
     <span class='ocr_line' id='line_1_26' title="bbox 0 0 1412 4290; baseline 0 0"><span class='ocrx_word' id='word_1_173' title='bbox 0 0 1412 4290; x_wconf 95' lang='lat' dir='ltr'> </span> 
     </span>
    </p>
   </div>
  </div>
 </body>
</html>
