2782 4290
1133 404 1197 470 23³

185 582 372 675 virginis
398 583 577 676 Mariae,
607 585 734 658 babens
752 582 819 658 duo
848 572 1138 658 extensabracbia
1165 590 1201 659 et

185 724 258 793 tres
271 717 430 792 articrdos
455 719 558 792 medii
579 718 688 811 digiti,
705 722 784 791 octo
801 718 975 810 lampades
1002 718 1133 792 assidue
1148 719 1200 792 br-

184 857 316 926 centes
344 851 494 924 Primum
506 851 643 946 (altare)
657 852 800 925 alatere
815 851 995 944 sepulchro
1002 851 1200 947 (sepulchri)

185 991 241 1062 ast
274 1005 505 1076 armenorum,
541 985 722 1060 secundum
755 985 817 1058 sub
851 987 1008 1060 umbrosa
1033 987 1200 1061 testudine

187 1125 241 1195 cst
261 1119 509 1210 georgicorum,
538 1119 676 1191 tertium
696 1118 757 1192 sub
783 1119 934 1193 fenestra
952 1141 1070 1194 versus
1090 1122 1202 1194 orien-

187 1258 261 1327 tem
290 1258 341 1326 est
367 1273 577 1344 graemmm,
608 1257 767 1345 quartum
788 1275 906 1327 versus
933 1254 1125 1346 aquilonem
1151 1259 1203 1328 est

188 1386 332 1460 irstrum
358 1387 542 1480 minorum,
583 1388 735 1480 quintum
757 1387 857 1480 juxta
889 1388 1034 1480 primum
1060 1387 1203 1478 gradum

189 1520 392 1594 ascensionis
420 1541 441 1591 a
467 1520 609 1594 sinistris
644 1528 695 1595 est
718 1521 952 1615 jacobitarum.
1009 1521 1201 1613 Sciendum,

189 1655 224 1727 in
237 1653 361 1728 eodem
380 1654 489 1726 latere
509 1656 713 1730 ascensionis
742 1656 794 1728 es‘t
817 1654 952 1747 (altore)
979 1655 1201 1729 indianorum.

189 1788 322 1862 Ibidem
349 1787 482 1879 sepulta
509 1789 690 1881 requiescit
716 1789 836 1884 regina
866 1787 1082 1880 Milecendis‚
1118 1810 1205 1880 quae

192 1921 337 1996 eandem
365 1921 539 1994 ecclesiam
566 1923 712 1996 construi
739 1922 837 1997 fecit:
865 1921 1002 2014 acidus
1025 1922 1133 2014 janua
1157 1927 1204 1994 14

190 2076 312 2148 passus
344 2075 462 2128 versus
496 2057 662 2130 orientem
694 2056 739 2129 ad
772 2057 946 2128 introitum
979 2075 1203 2146 cavernae,

191 2210 281 2281 quae
315 2169 370 2262 est
402 2189 438 2260 in
465 2190 555 2282 pede
582 2191 705 2263 montis
732 2187 858 2262 Olivcti
891 2189 953 2262 sub
980 2189 1135 2281 rupibus,
1169 2189 1205 2260 in

190 2345 258 2418 qua
284 2322 449 2396 Dominus
476 2320 583 2416 Jesus‚
608 2324 647 2394 in
674 2324 823 2412 agonia
849 2321 966 2414 factus,
995 2327 1111 2411 guttas
1128 2343 1205 2395 san-

190 2458 302 2549 guinis
322 2455 466 2548 sudavit,
487 2457 610 2529 trinam
629 2456 755 2530 iaciens
773 2457 973 2529 orationem:
1002 2457 1044 2529 ab
1056 2456 1205 2529 hocloco

188 2590 380 2666 moestitiae
396 2612 515 2665 versus
533 2596 692 2683 austrum
723 2591 766 2662 ad
780 2591 910 2683 jactum
930 2590 1052 2682 lapidis
1071 2589 1207 2663 fortiter

187 2723 314 2815 cumei,
350 2725 386 2795 iu
420 2724 526 2798 latere
559 2724 681 2797 montis
714 2723 882 2816 praedicti
912 2724 1009 2816 juxto
1041 2723 1205 2814 grandem

186 2878 310 2951 rupem
348 2857 510 2930 sederunt
541 2862 611 2931 tres
645 2857 815 2950 discipuli,
850 2879 934 2949 quos
965 2858 1096 2933 invenit
1129 2857 1207 2929 dor·

186 2993 340 3064 mientes.
376 2990 490 3082 Prope
506 2991 630 3065 ibidem
652 3013 717 3083 per
733 2996 809 3064 octo
831 3013 948 3084 passus
966 2996 1019 3065 est
1045 2993 1205 3081 hortus,

186 3125 244 3217 qui
271 3123 452 3196 floridus
479 3126 751 3216 cognominatur,
781 3145 898 3198 versus
926 3130 1123 3215 torrentem,
1153 3125 1206 3196 cui

186 3259 318 3332 directe
356 3279 461 3330 aurea
497 3262 600 3349 porta
639 3260 823 3351 opponitur
833 3234 851 3330 τ’
880 3260 915 3330 in
948 3281 1014 3352 quo
1049 3257 1205 3330 Christus

187 3391 326 3484 captive
354 3391 548 3481 tenebatur,
577 3393 611 3463 in
638 3413 705 3485 quo
734 3399 769 3464 et
795 3392 918 3466 Petrus
944 3390 1109 3484 percussit
1136 3408 1206 3460 ser-

188 3545 267 3597 vum
306 3524 487 3617 principis3
532 3547 609 3598 nam
648 3525 847 3617 frequenter
887 3526 1093 3598 convenerat
1125 3522 1205 3595 illuc

190 3679 264 3732 cum
296 3658 480 3751 discipulis.
542 3659 593 3732 Et
624 3659 682 3732 illa
714 3664 814 3752 porta
846 3657 970 3732 dicitm
1003 3655 1119 3749 etiam,
1161 3654 1204 3732 dc
