2782 4290
1058 369 1101 435 29

86 547 234 620 monium
274 545 575 636 transmigrationis
631 545 774 618 illorum.
818 543 866 618 Et
908 554 987 620 tune
1032 551 1101 624 illie

87 685 225 753 orantes
256 685 479 771 perrexerunt
518 680 561 751 ad
592 679 806 770 Hiericho,
840 701 943 769 super
969 689 1100 774 septem

85 814 239 885 milliaria
265 834 288 885 a
313 813 473 886 iordane.
514 813 565 885 lbi
592 813 790 903 erumpebat
816 812 924 903 fons,
955 816 1099 906 quierat

84 947 207 1019 sterilis
235 947 269 1018 in
297 967 382 1018 oneo
410 946 550 1038 montis,
595 953 630 1019 et
655 946 717 1018 luit
743 946 867 1018 inutilis
894 947 1093 1040 homiuibus,

84 1085 264 1175 antequam
279 1080 372 1151 venit
391 1079 615 1153 Helisaeus
635 1079 804 1170 propheta
825 1085 861 1151 et
879 1080 1097 1154 sanctificavit

81 1214 199 1296 illum„
241 1212 292 1283 Et
325 1219 446 1302 postea
478 1213 662 1304 emanavit,
701 1218 801 1304 atque
843 1215 949 1286 omnis
976 1215 1095 1288 civitas

62 1347 140 1417 illa
165 1346 337 1437 partiebat
363 1347 399 1417 in
425 1367 537 1439 agros,
565 1347 600 1417 in
627 1347 743 1418 hortos
764 1353 798 1418 et
826 1346 858 1417 in
884 1349 1003 1439 omnia,
1023 1349 1095 1421 ubi-

80 1450 215 1570 eunque
242 1479 307 1551 illis
330 1481 554 1552 necessarium
574 1486 658 1570 erat,
688 1486 845 1570 erumna,
874 1483 963 1571 quod
983 1483 1092 1555 humi-

80 1614 139 1685 dat
164 1603 223 1685 ille
252 1611 336 1704 fons,
366 1615 548 1685 crescendo
575 1613 709 1704 proiicit
735 1614 936 1705 adsalutem
952 1624 1095 1708 propter

79 1744 383 1821 sanctificationem
419 1745 571 1820 Helisaei
611 1747 810 1839 prophetae.
867 1748 947 1821 lnde
974 1771 1093 1838 perre-

79 1880 571 1973 xeruntadmonasterium
589 1879 978 1953 sanctiEustoehii.
1006 1882 1091 1955 lllud

78 2018 146 2084 stat
171 2014 206 2089 in
234 2012 346 2085 medio
375 2035 491 2105 eampo
519 2014 611 2086 inter
636 2014 797 2086 Hiericho
826 2020 860 2085 et
886 2013 1086 2087 Jerusalem.

76 2353 193 2422 XVIII.
223 2355 414 2422 Jerusalem:
445 2355 577 2424 eoelesia
593 2358 633 2425 et
656 2373 763 2425 eruees
776 2357 810 2423 ln
828 2353 997 2425 Galvuriaa
1009 2356 1086 2437 1000,

107 2461 225 2528 hortus
248 2478 317 2529 oum
340 2462 507 2546 sepulchro
530 2462 708 2531 salvatoris
732 2466 765 2530 et
787 2462 931 2530 mirabili
955 2462 1055 2531 domo.

155 2682 205 2755 Et
222 2680 299 2754 inde
318 2678 413 2752 uenit
440 2681 484 2752 ad
510 2682 746 2755 Jerusalem
780 2684 815 2753 in
842 2683 935 2755 illum
963 2683 1084 2780 locum,

75 2817 133 2889 ubi
165 2816 305 2889 iuventa
345 2815 459 2888 luerat
498 2820 617 2887 sancta
653 2838 733 2888 crux
760 2815 908 2890 Domini.
963 2818 1012 2890 lbi
1040 2824 1090 2891 est

73 2971 164 3021 nune
191 2949 332 3022 ecelesia
358 2948 392 3021 in
419 2950 478 3021 illo
505 2949 597 3040 loco,
627 2951 684 3040 qui
713 2951 837 3022 dieitur
864 2947 1088 3024 calvariae

72 3084 204 3157 locus.
257 3082 308 3155 Et
341 3085 424 3157 haee
450 3082 518 3155 fuit
544 3084 636 3173 prius
664 3089 761 3155 extra
793 3082 1002 3173 Jerusalem3
1029 3082 1090 3154 sed

72 3217 221 3306 Helena,
261 3216 394 3308 quando
420 3216 548 3288 invenit
582 3236 730 3308 erucem,
771 3218 953 3288 collocavit
993 3200 1086 3287 illum

70 3351 184 3421 locum
218 3350 307 3422 intus
341 3350 431 3420 intra
470 3348 669 3422 Jerusalem.
725 3349 773 3420 Et
809 3350 856 3422 ibi
883 3356 972 3423 stant
999 3369 1086 3421 nune

69 3488 141 3554 tres
169 3502 288 3554 eruces
314 3483 447 3572 ligneae
474 3482 557 3554 foris
572 3484 605 3553 in
620 3483 774 3554 orientali
788 3484 889 3575 plaga
909 3482 1080 3571 eeclesiae,

68 3637 166 3689 secus
194 3617 370 3708 parietem,
399 3618 443 3689 ad
470 3617 666 3689 memoriam
692 3621 829 3690 sanctae
857 3616 963 3688 erucis
977 3614 1084 3685 domi·
