2782 4290
307 423 371 491 110

305 607 442 677 civitate
469 622 569 698 saepe
596 603 639 674 ab
668 576 819 675 hostibus
846 605 942 696 capte
959 605 993 674 et
1009 580 1191 695 destructa,
1210 602 1313 676 etiam

300 738 425 811 ,eadem
439 742 650 810 sacrosancta
677 737 753 808 loca
782 738 870 807 intra
895 756 1010 809 muros
1023 738 1060 808 et
1080 753 1190 828 prope
1210 743 1313 828 erma,

306 872 349 943 de
377 871 497 962 quinus
525 876 653 952 tantum
682 871 895 961 intendimus,
924 876 1002 944 sunt
1015 890 1137 943 eversa
1163 876 1201 943 et
1227 871 1316 942 forte

305 1011 425 1094 postea
452 1008 683 1094 transmutata,
713 1004 789 1078 ideo
817 1004 902 1076 haec
923 1010 1038 1077 nostra
1058 1005 1199 1076 devotio
1223 1006 1317 1095 juxta

305 1139 406 1210 situm
441 1158 575 1228 eorum,
606 1158 705 1228 quem
733 1157 845 1210 coram
872 1138 972 1230 positi
1000 1137 1145 1211 videndo
1173 1137 1317 1211 denota-

260 1297 266 1305 ·
306 1273 428 1362 vimuS,
463 1271 733 1362 superabundans
765 1276 826 1343 aut
858 1270 1026 1363 superflua
1053 1293 1119 1344 non
1148 1276 1201 1343 est
1224 1272 1315 1362 judi-

308 1405 422 1477 eanda.
466 1404 520 1475 De
548 1405 599 1476 his
626 1408 754 1494 autem,
793 1425 880 1494 quae
907 1406 1008 1494 longe
1036 1411 1132 1479 extra
1159 1405 1194 1475 in
1216 1405 1316 1498 ‚adja-

308 1545 404 1612 cente
432 1544 507 1611 sunt
534 1539 715 1630 provincia,
745 1556 812 1608 non
834 1540 1072 1629 proposuimus
1088 1539 1212 1630 dicere,
1242 1560 1318 1628 eog-

308 1677 483 1745 noscentes
506 1674 580 1762 jam
606 1673 649 1743 ab
676 1672 750 1743 aliis
777 1671 983 1745 sufficienter
1012 1673 1140 1746 dictum
1168 1672 1254 1747 fore.

312 1935 340 2000 1.
375 1933 547 2012 Nazareth,
561 1933 668 2009 saltas
686 1932 819 2011 Domini,
841 1933 1021 2017 Sepphoris,
1045 1936 1131 2003 dana
1146 1935 1317 2016 Galilaeae,

374 2040 491 2119 labor,
521 2041 721 2121 Hermoniim
750 2040 851 2120 llalm,
882 2039 999 2122 llndor,
1018 2041 1137 2132 roman,
1161 2042 1318 2122 Jearahel,
1367 2104 1370 2116 .

375 2146 559 2231 mageddon,
584 2147 706 2227 tlelboe,
730 2145 942 2233 Scythopolis,
967 2147 1106 2232 dyonea.

388 2339 619 2447 Veruntamen
668 2336 871 2427 principium
917 2337 1019 2428 hujus
1041 2360 1045 2366 ·
1071 2339 1317 2431 descriptionis,

28 2547 31 2554 .
158 2552 167 2565 „
307 2480 447 2564 propter
481 2471 656 2544 exordium
688 2475 822 2544 nostrae
856 2471 1074 2544 redemtionis
1110 2474 1145 2544 in
1179 2476 1319 2546 civitate

308 2605 521 2679 Nazareth
533 2626 594 2696 per
606 2605 870 2678 incarnationem
884 2605 1017 2676 Domini
1027 2607 1181 2696 angelica
1194 2628 1320 2679 annun·

308 2739 458 2809 eiatione
477 2738 692 2829 celebratum,
712 2738 891 2811 abeodem
911 2739 1060 2830 ciuitate,
1086 2760 1175 2831 quae
1194 2740 1317 2814 Hiero-

308 2873 442 2964 solymis
469 2871 541 2945 fere
569 2872 744 2962 sexaginta
769 2872 932 2944 milliariis
960 2873 1080 2964 distat,
1110 2876 1316 2947 constituere

173 3085 177 3093 ,
307 3009 343 3079 et
369 3007 442 3078 loca
468 3007 701 3098 interjacentia
726 3007 817 3077 inter
842 3007 948 3097 ipsam
976 3012 1011 3078 et
1038 3007 1214 3080 civitatem
1224 3027 1317 3080 sanc-

307 3143 378 3211 tam
412 3141 560 3214 breviter
594 3144 631 3211 et
664 3139 854 3212 summatim
893 3140 1124 3230 perstringere
1151 3142 1313 3231 volumus,

306 3273 387 3346 licet
421 3275 464 3347 de
497 3274 548 3345 his
582 3294 644 3364 per
677 3272 759 3344 alios
792 3271 940 3346 diffusius
973 3279 1009 3344 et
1049 3274 1212 3364 prolixius
1246 3277 1315 3368 jam

307 3405 437 3479 dictum
465 3395 538 3507 esse
566 3425 817 3495 cognoscamus.

387 3539 481 3612 Haeo
515 3537 633 3613 eadem
665 3540 799 3630 civitas,
834 3538 952 3613 decem
981 3539 1142 3611 milliariis
1169 3561 1191 3613 a
1217 3541 1315 3614 Tibe·

307 3671 401 3744 1iade
428 3671 566 3763 distans,
595 3676 695 3761 caput
722 3676 776 3744 est
803 3670 986 3764 Galilaeae,
1017 3678 1052 3744 et
1071 3673 1216 3764 proprie
1231 3673 1310 3746 civi·
