2782 4290
281 420 346 496 iso

283 630 358 682 cum
391 629 514 701 uxore,
556 609 693 681 veniens
727 609 770 680 de
804 608 993 700 Chaldaea,
1036 594 1193 684 transivit
1230 631 1294 702 per

282 743 370 815 hanc
398 743 497 815 viam.
554 741 646 815 Loth
673 763 748 815 cum
775 762 897 833 uxore,
938 743 1075 816 veniens
1104 743 1147 816 de
1182 747 1293 817 trans-

282 876 463 966 montanis,
498 878 532 949 in
559 876 621 949 hac
648 877 704 948 via
730 877 923 949 ambulavit.
964 876 1075 950 Jacob
1101 876 1294 968 patriarcha

284 1029 359 1082 enm
377 1009 507 1090 Rachel
534 1032 640 1084 uxore
667 1010 804 1100 saepius
831 1009 957 1083 ibidem
982 1011 1151 1084 transivit.
1187 1009 1294 1082 Beate

282 1142 380 1231 virge
408 1142 520 1215 Maria
546 1147 735 1233 praegnata
761 1142 918 1216 hincinde
946 1163 1010 1233 per
1036 1143 1178 1216 eandem
1204 1144 1294 1215 viam

284 1275 412 1347 meavit
439 1279 475 1348 et
502 1276 644 1365 fatigata
670 1276 851 1366 requievit.
890 1275 976 1348 Item
1001 1280 1072 1348 tres
1099 1296 1212 1368 reges,
1240 1297 1294 1349 re·

285 1408 459 1499 quirentes
494 1431 638 1500 puerum
665 1410 800 1501 Jesum,
829 1409 954 1483 ibidem
980 1409 1148 1482 abienmt.
1212 1409 1296 1480 Item

285 1541 392 1615 Isaiae
431 1547 466 1615 et
492 1542 588 1615 Ellas
622 1548 657 1615 et
690 1544 807 1634 plures
841 1544 950 1625 sancti
982 1544 1190 1635 prophetae,
1218 1564 1296 1634 per-

154 1698 157 1702 ·
285 1681 405 1766 gentes
452 1676 487 1747 in
533 1680 681 1748 sanctam
726 1677 915 1770 civitatem,
948 1698 1029 1768 'per
1068 1677 1161 1748 illam
1209 1677 1297 1748 viam

284 1807 501 1880 transierunt.
556 1807 643 1881 Item
670 1810 770 1882 beata
796 1811 905 1902 virgo,
933 1811 1007 1882 Iens
1035 1814 1070 1881 et
1096 1808 1232 1882 rediens
1259 1810 1297 1880 in

286 1941 480 2033 Aegyptum
513 1947 550 2012 et
582 1943 626 2015 ab
658 1941 836 2035 Aegypto,
878 1964 942 2036 per
974 1944 1061 2016 hanc
1093 1942 1183 2017 viam
1221 1963 1298 2015 cum

286 2074 420 2166 Jnseph
446 2076 597 2148 secessit.

365 2207 481 2300 Prope
513 2207 715 2282 Bethlehem
755 2209 799 2281 ad
829 2211 959 2303 jactum
996 2209 1133 2302 lapidis,
1176 2229 1297 2283 versus

286 2311 448 2449 austrum,
472 2341 537 2414 huit
557 2324 756 2432 ecclesia,
784 2343 818 2414 in
838 2364 906 2434 qua
925 2342 1058 2416 Paula
1085 2347 1127 2415 et
1145 2342 1300 2416 Eusto-

286 2477 422 2550 chium
450 2480 530 2548 sunt
556 2477 763 2566 sepultae.
805 2476 854 2548 Et
882 2476 1001 2550 eedem
1028 2476 1219 2550 ecclesia
1245 2481 1301 2550 est

286 2611 404 2682 beati
436 2608 626 2700 Nicolai,
665 2610 766 2682 etin
803 2608 924 2682 eedem
960 2609 1036 2682 loco
1070 2608 1183 2682 Maria
1220 2629 1300 2700 per·

286 2743 411 2815 mansit
438 2765 514 2816 cnm
541 2764 651 2835 puero
679 2748 715 2815 et
733 2742 867 2833 loseph
894 2743 1005 2834 prima
1030 2743 1193 2834 innecte,
1223 2762 1301 2815 cum

287 2877 376 2967 fugit
401 2877 657 2969 inaegyptum.
698 2874 791 2948 Nota
819 2875 861 2949 de
890 2876 1014 2948 emisse
1041 2877 1131 2949 lacte
1157 2874 1297 2948 ibidem.

289 3011 388 3090 Item.⁴
402 3012 491 3084 inter
516 3011 708 3084 Jerusalem
735 3014 771 3082 et
795 3008 999 3082 Bethlehem
1033 3014 1087 3083 est
1112 3009 1171 3089 via
1195 3009 1301 3080 trium

288 3145 461 3218 horarum.
517 3145 601 3216 Item
637 3165 658 3216 a
690 3142 892 3216 Bethlehem
934 3163 1038 3213 unum
1078 3143 1233 3233 quartale
1266 3143 1300 3214 in

290 3279 378 3350 valle
406 3299 524 3351 versus
551 3299 644 3349 mare
671 3275 848 3349 Mortuum
865 3276 947 3349 luit
977 3275 1157 3367 pulchrum
1184 3274 1298 3349 aedili-

289 3413 376 3484 cInm
403 3396 478 3484 cum
506 3411 707 3501 ecclesia,
737 3410 829 3501 qnod
856 3409 907 3482 ad
934 3414 1137 3502 pastores
1163 3409 1295 3482 dicitur.

289 3543 377 3616 Nam
405 3544 527 3618 endem
552 3545 588 3616 in
614 3545 694 3617 loco
721 3545 863 3633 angelus
896 3543 1071 3616 nunciavit
1102 3542 1296 3634 pasteribus

290 3679 460 3768 gaudium,
478 3679 591 3751 dicens
605 3678 663 3768 eis,
685 3682 724 3748 nt
736 3677 920 3750 transirent
931 3677 1134 3751 Bethlehem
1153 3677 1296 3748 adorare
