2782 4290
312 429 377 499 124

310 633 415 702 opere
452 613 598 684 exterius
635 611 834 684 adornatum
875 633 981 703 usque
1019 613 1062 684 ad
1098 615 1318 689 medietatem

311 746 399 838 ejus;
426 766 504 816 nam
531 746 664 837 reliqua
688 767 767 837 pars
794 749 847 818 est
871 744 913 818 de
930 748 1126 820 marmoreis
1138 749 1318 839 lapidibus.

310 879 404 951 ldem
443 879 556 971 paries
596 878 735 953 inferior
768 884 820 950 est
856 878 1048 971 continuus,
1082 887 1321 975 praeterquam

312 1012 404 1105 quod
430 1017 579 1104 quatuor
605 1013 703 1085 ostiis
716 1012 981 1105 interrumpitur,
1009 1014 1138 1089 habens
1154 1015 1199 1088 ad
1213 1017 1323 1088 orien-

311 1153 379 1222 tem
407 1148 530 1220 ostium
566 1167 681 1236 unum,
727 1148 782 1219 oui
818 1146 978 1240 adjuncta
1014 1154 1068 1221 est
1095 1149 1263 1241 capella
1288 1150 1322 1221 in

313 1282 442 1355 honore
469 1280 607 1354 saneti
644 1279 794 1355 Jacobi
832 1286 1043 1371 consecrata
1084 1303 1164 1354 nam
1200 1283 1244 1355 ab
1283 1305 1323 1357 ea

264 1481 270 1493 .
311 1419 423 1507 parte,
453 1415 495 1487 de
523 1420 615 1488 teoto
649 1415 767 1504 templi
800 1416 872 1506 ipse
904 1415 1162 1509 praecipitatus,
1191 1417 1321 1507 pertica

313 1550 449 1622 fullonis
474 1548 539 1622 fuit
566 1550 710 1623 occisus:
744 1548 799 1641 qui
826 1549 954 1638 primus
981 1548 1135 1638 pontifex
1156 1549 1238 1622 'luit
1263 1549 1322 1623 sub

313 1705 421 1757 novae
449 1684 534 1774 legis
561 1683 672 1772 gratia
697 1684 732 1754 in
745 1682 946 1756 Jerusalem.
984 1681 1081 1757 Unde
1109 1688 1144 1755 et
1157 1683 1193 1756 hi
1206 1705 1324 1757 versus

314 1823 391 1890 sunt
418 1818 565 1909 appositi
592 1817 627 1888 in
655 1817 773 1890 eadem
800 1816 938 1908 capella,
967 1817 1003 1891 in
1028 1818 1138 1891 latere
1165 1816 1323 1907 parietis:

367 1976 550 2051 Jacobus
576 1978 773 2070 Alphaei‚
799 1978 968 2050 Domini
999 1976 1155 2052 similis
1185 1977 1323 2073 faciei,

366 2109 754 2206 finitproGhristo,
774 2113 933 2205 templo
948 2112 1143 2204 depulsus
1161 2113 1212 2184 ab
1232 2113 1322 2184 isto.

367 2248 436 2320 Sic
464 2248 667 2322 Jacobum
690 2248 862 2339 justum,
890 2247 1212 2339 praedicentem
1230 2247 1325 2339 pua

420 2383 502 2455 lise
531 2381 765 2472 Christum,

368 2542 489 2631 plebs
526 2541 632 2614 mala
670 2541 907 2633 mulctavit,
943 2539 1120 2615 lullonis
1152 2541 1325 2631 pertica

421 2676 587 2749 stravit.

394 2836 440 2908 Hi
472 2837 507 2907 in
539 2837 683 2910 circuitu
718 2837 812 2928 quasi
841 2836 957 2909 ciborii
993 2834 1144 2929 ejusdem
1172 2836 1324 2927 capellae

313 2973 402 3046 intus
431 2975 466 3044 et
492 2992 597 3062 supra
625 2969 858 3043 continentur:

367 3132 390 3205 J
397 3132 757 3226 acobusrllphaei,
780 3129 1326 3222 fraterDomininazaraei,

366 3269 562 3361 piscator
588 3266 689 3358 vita,
718 3287 816 3340 vere
843 3265 925 3338 fuit
951 3265 1165 3341 israelita.

366 3399 1326 3495 Detemplipinnacompulsusfraudemaligua,

369 3534 420 3607 ad
447 3532 660 3608 Christum
680 3535 823 3608 laetus
849 3534 1063 3633 migravit,
1091 3537 1216 3610 reate
1242 3505 1329 3631 per·

423 3674 566 3753 emtus.
