2782 4290
327 450 390 516 162

327 630 418 721 quin,
446 630 537 701 inter
562 627 691 700 medios
718 625 882 719 custodes,
912 625 1052 699 vinculis
1079 624 1200 699 ferreis
1218 620 1334 718 ruptis,

326 765 417 836 nltrn
450 742 575 854 apertis
608 762 703 834 ostiis
737 766 807 832 tam
841 761 999 852 carceris,
1039 780 1140 850 qnam
1176 760 1333 851 civitatis,

327 897 447 970 beatus
473 895 598 968 Petrus
626 895 737 983 angeli
766 894 938 966 conductu
966 893 1072 965 abivit
1104 893 1255 984 illaesae,
1287 895 1336 966 di-

326 1052 419 1104 cens:
453 1027 561 1102 Naue
586 1028 656 1101 scio
683 1049 772 1118 aare,
801 1026 1004 1120 peramisit
1035 1024 1207 1100 Dorulaus
1234 1049 1336 1120 capc-

327 1164 397 1237 lam
424 1184 525 1235 auam
552 1168 614 1235 ete.
670 1160 709 1232 In
730 1163 872 1233 introitu
900 1162 1053 1266 ejusdem
1080 1161 1279 1234 ecclesiolae
1295 1162 1335 1233 de

327 1296 445 1369 endem
484 1295 572 1368 facto
612 1295 735 1367 ibidem
769 1296 932 1368 miraculo
966 1295 1051 1368 tales
1083 1294 1246 1385 leguntur
1279 1315 1336 1387 ap-

325 1430 425 1521 positi
452 1450 589 1502 versus:

379 1563 582 1637 Vestibus
609 1562 795 1655 indutus,
825 1564 970 1654 Petne,
1000 1581 1143 1655 surge,
1181 1563 1337 1636 recede

432 1697 617 1788 solutus3

378 1853 557 1922 namque
592 1836 841 1903 catenarum
873 1835 971 1902 sunt
1004 1830 1177 1904 vincula
1211 1837 1337 1922 rupta

433 1971 618 2056 tuarum,

379 2121 487 2172 nunc
514 2099 600 2172 scin
628 2119 672 2171 re
702 2103 840 2189 certa,
872 2119 959 2171 cnm
992 2102 1119 2189 porta
1152 2098 1257 2169 mihi
1283 2099 1338 2170 sit

433 2239 593 2327 aperta.

337 2378 339 2380 ’
380 2365 410 2438 O
454 2367 595 2460 pictas
642 2363 820 2456 Christi,
871 2359 1065 2465 qnoniam
1109 2384 1170 2436 me
1213 2364 1334 2438 salvi-

432 2499 587 2573 ficasti.

406 2635 446 2705 ln
488 2654 591 2706 cavea
630 2634 780 2727 ejusdem
817 2632 1030 2708 ecclesiae
1064 2633 1116 2706 ad
1150 2633 1332 2723 vincula,

297 2767 432 2839 'saneti
458 2765 551 2838 Petri
577 2767 664 2839 festo
690 2767 816 2839 ibidem
844 2767 1009 2841 existente
1037 2767 1171 2858 celebri,
1201 2768 1332 2840 missam

327 2900 496 2975 celebravi
524 2922 599 2974 cum
626 2901 771 2974 collecta
798 2901 919 2973 merite
946 2900 1072 2974 ibidem
1105 2901 1153 2973 sic
1181 2901 1332 2993 prolata:

327 3035 458 3126 Deus,
505 3036 575 3127 qui
616 3036 784 3108 beatum
826 3034 997 3108 Pctrnm
1033 3035 1278 3125 apostolum
1315 3055 1334 3106 a

326 3169 511 3242 vinculis
552 3169 592 3241 in
631 3169 708 3242 hnc
741 3169 833 3242 lacn
869 3168 1108 3242 absolutum
1139 3168 1334 3242 illaesum

326 3304 443 3376 abire
470 3302 617 3377 fecisti
646 3309 708 3376 etc.
752 3303 941 3376 Ecclesiola
968 3301 1087 3375 eadem
1113 3302 1248 3375 modica
1274 3307 1332 3392 est,

324 3459 388 3510 nec
422 3437 508 3511 adeo
543 3437 706 3511 reditibus
742 3437 848 3510 ditata
883 3436 938 3510 vel
967 3435 1058 3508 cultu
1086 3441 1225 3528 ornata,
1254 3436 1333 3510 sicut

324 3575 454 3643 tantum
493 3571 641 3645 divinum
676 3571 876 3644 miraculum
910 3574 947 3643 et
981 3573 1117 3641 tantum
1151 3570 1333 3663 principem

326 3705 554 3793 apestolorum
589 3705 738 3779 deceret.
793 3704 901 3777 Perta
938 3704 1011 3793 illa,
1051 3724 1138 3793 quae
1173 3705 1327 3796 dirigitur
