2782 4290
1142 371 1209 439 ido

189 552 346 645 pulchri,
373 571 474 644 quam
506 551 661 643 superius
686 550 938 644 descripsimus,
973 573 1017 625 ex
1049 554 1204 650 oppou'to

188 706 311 760 versus
337 686 513 758 meridiem
541 689 592 756 est
617 684 759 775 pulchra
793 686 982 758 ecclesia
1014 687 1204 761 inhonore

187 820 333 894 sancti
365 817 574 892 Johanuis
608 818 784 910 Baptistae
816 824 1023 912 constructo,
1061 819 1115 892 cui
1142 820 1203 892 ad·

184 957 321 1048 jactum
347 958 399 1026 est
426 952 601 1044 hospitale,
632 953 667 1025 in
695 972 762 1045 quo
788 974 852 1043 per
879 954 1029 1026 diversas
1056 955 1203 1027 mansio·

187 1109 249 1161 nes
275 1088 421 1159 maxima
447 1086 629 1158 multitudo
654 1082 877 1178 infirmium,
916 1093 985 1158 tam
1012 1087 1201 1180 mulierum,

189 1243 290 1314 quam
323 1221 489 1312 virorum,
518 1218 703 1310 colligitur,
732 1219 867 1293 fovetur
899 1225 936 1293 et
968 1221 1118 1294 maximis
1145 1239 1202 1295 ex'-

190 1356 305 1446 pensis
333 1353 485 1446 quotidie
512 1353 676 1426 refieitur:
705 1375 849 1446 quorum
865 1376 994 1427 summa
1011 1360 1094 1429 tunc
1114 1362 1211 1432 tem·

189 1490 301 1582 poris,
335 1507 411 1561 cum
444 1509 552 1560 essem
584 1509 761 1580 praesenS,
798 1488 841 1560 ab
872 1488 952 1579 ipsis
983 1489 1203 1563 servitutibus

189 1623 257 1696 boc
280 1620 509 1696 referentibus
541 1622 585 1693 ad
620 1621 688 1694 duo
714 1621 817 1692 millia
842 1622 1075 1713 languentium
1100 1624 1117 1695 f
1139 1624 1146 1638 '

188 1756 347 1849 cognovi,
378 1756 567 1847 exquibus
594 1755 774 1846 aliquando
802 1755 892 1827 intra
917 1762 1050 1828 noctem
1064 1764 1099 1831 et
1113 1757 1203 1829 diem

185 1892 262 1984 plus
290 1911 390 1982 quam
404 1890 647 1981 quinquaginta
667 1890 790 1961 mortui
814 1895 1048 1981 exportantur,
1078 1892 1203 1965 iterum

188 2029 295 2116 atque
323 2025 447 2096 iterum
473 2024 626 2115 pluribus
654 2025 697 2096 de
724 2044 813 2096 noro
830 2023 1084 2096 accedentibus.
1114 2024 1201 2115 Quid

188 2158 312 2250 plura?
360 2157 492 2231 Eadem
532 2158 652 2231 domus
689 2162 746 2229 tot
786 2157 938 2231 homines
978 2164 1049 2229 tam
1089 2162 1198 2248 extra,

187 2312 291 2383 quam
325 2292 416 2364 intus
449 2293 517 2365 suis
549 2295 717 2364 sustentat
743 2291 955 2382 victualibus
986 2297 1125 2381 praeter
1148 2291 1201 2363 in·

186 2427 315 2500 linitam
343 2426 598 2518 eleemosynam,
629 2446 717 2516 quae
735 2421 888 2516 quotidie
910 2425 1113 2515 pauperibus
1140 2424 1200 2496 ds·

186 2567 242 2634 tur
270 2560 422 2633 ostiatim
448 2581 572 2651 panem
599 2559 840 2650 quaerentibus
874 2564 909 2630 et
936 2562 1035 2632 extra
1062 2578 1199 2632 manen-

186 2695 287 2786 tibus,
318 2693 409 2784 quod
435 2698 528 2765 certe
554 2713 683 2765 summa
709 2698 878 2765 sumtuum
898 2713 1111 2784 nequaquam
1136 2714 1201 2785 po·

186 2834 253 2903 test
280 2827 489 2918 deprehendi
516 2828 620 2900 etiam
647 2828 689 2900 ab
718 2827 790 2920 eJus
824 2825 941 2897 domus
974 2829 1201 2918 procuratori·

186 2963 247 3037 bus
282 2967 319 3033 et
356 2959 651 3052 dispensatoribus.
714 2960 862 3033 Praeter
899 2959 1019 3032 horum
1052 2961 1201 3035 omnium

185 3096 357 3189 siquidem
384 3115 564 3186 expensam
590 3099 660 3166 tam
686 3095 721 3166 in
747 3094 896 3184 mtirmis,
926 3115 1027 3184 quam
1054 3095 1088 3166 in
1115 3116 1199 3187 pau-

185 3230 323 3323 peribus
349 3227 423 3300 aliis
448 3226 580 3318 famem,
611 3228 728 3300 eadem
758 3229 877 3301 domus
893 3229 1016 3301 multas
1036 3229 1200 3303 uniuersis

186 3363 384 3438 militaribus
415 3362 518 3434 rebus
549 3361 736 3435 instructas
770 3384 833 3453 pro
861 3362 1058 3436 defensione
1088 3368 1200 3435 terrae

189 3492 447 3571 christianorum
487 3497 530 3569 ab
570 3495 762 3569 incursione
801 3516 1038 3570 saracenorum
1077 3495 1201 3586 passim

189 3652 246 3723 per
272 3631 416 3706 castella
441 3649 505 3702 sua
532 3633 697 3702 sustentat
722 3651 894 3722 personas.
925 3627 1032 3703 Juxta
1058 3627 1201 3701 eandem
