2782 4290
267 464 310 529 22

348 643 443 714 Tunc
472 646 569 712 erant
596 662 672 712 eum
693 639 887 711 Willibaldo
915 646 1046 729 septem
1060 642 1274 734 contribules,

270 781 307 848 61
334 776 390 847 1116
418 776 491 865 ipse
519 773 582 846 luit
609 777 760 845 octavus.
792 771 1044 862 Confestimque
1078 774 1127 845 illi
1153 778 1277 865 pagani

270 909 441 984 sarraceni
468 909 687 1000 reperientes,
719 905 808 995 quod
840 904 992 978 advenae
1020 912 1057 978 et
1083 908 1194 997 ignoti
1222 910 1284 982 bo-

272 1044 379 1116 mines
419 1043 498 1114 illuc
540 1041 731 1129 venissent,
770 1038 920 1110 tulerunt
956 1059 1015 1111 eos
1052 1045 1088 1112 et
1125 1043 1282 1132 captivos

269 1174 450 1265 habebant,
481 1174 559 1266 quia
586 1172 792 1262 nesciebant,
822 1171 864 1244 dc
893 1172 990 1262 quale
1014 1172 1148 1247 fuerant
1166 1182 1281 1268 gente,

270 1309 331 1382 sed
358 1307 591 1400 speculatores
625 1326 699 1378 esse
732 1304 807 1376 illos
842 1307 1070 1378 aestimabant.
1127 1307 1176 1379 Et
1203 1330 1283 1401 cap-

272 1445 361 1516 tiuos
389 1461 447 1515 eos
475 1440 639 1512 ducebant
667 1438 711 1509 ad
732 1438 909 1528 quemdam
926 1460 1042 1512 senem
1060 1439 1210 1531 divitem,
1245 1451 1283 1516 ut

275 1574 410 1648 videret
438 1578 476 1648 61
503 1576 713 1664 agnosceret,
743 1570 832 1644 unde
860 1577 981 1645 essent.
1019 1572 1084 1646 Ast
1110 1574 1167 1646 illc
1182 1596 1284 1649 senex

275 1709 500 1798 interrogavit
514 1707 599 1797 illos,
628 1705 717 1778 unde
732 1710 856 1796 essent,
885 1712 943 1777 aut
961 1708 1051 1797 quali
1061 1707 1285 1797 fungerentur

273 1841 451 1931 legatione.
480 1840 574 1913 Tunc
599 1840 647 1911 illi
673 1840 926 1931 respondentes,
949 1840 992 1911 ab
1021 1841 1160 1912 exordio
1174 1846 1284 1915 totam

274 1973 516 2048 intimaverunt
542 1973 574 2044 61
600 1973 731 2045 itineris
758 1974 810 2044 sui
837 1993 980 2045 causam.
1037 1974 1085 2046 Et
1098 1975 1155 2048 ille
1183 1997 1285 2049 senex

275 2108 482 2200 respondens
527 2107 590 2178 ait:
631 2107 845 2198 Frequenter
890 2107 958 2178 bue
1005 2109 1178 2181 venientes
1215 2109 1285 2181 vidi

274 2240 427 2314 homines
454 2243 496 2317 de
523 2241 590 2314 illis
618 2245 732 2311 terrae
745 2239 897 2330 partibus
914 2240 1055 2313 istorum
1067 2243 1284 2331 contribulem

175 2469 177 2473 .
275 2397 342 2449 non
370 2381 538 2467 quaerunt
571 2374 676 2463 mala,
718 2373 778 2447 sed
806 2363 922 2462 ¹legem
955 2394 1073 2446 eorum
1101 2376 1285 2468 adimplere

276 2503 420 2600 cupiunt.
482 2508 577 2579 Tunc
612 2507 662 2576 illi
699 2504 777 2577 inde
816 2512 996 2597 pergentes
1035 2516 1202 2582 venerunt
1243 2511 1286 2582 ad

276 2641 451 2732 palatium,
479 2645 518 2711 ut
544 2643 704 2728 rogarent
729 2637 794 2712 illis
821 2640 909 2712 viam
938 2644 1082 2715 transire
1106 2643 1159 2714 'ad
1185 2641 1286 2716 Jeru-

279 2775 394 2846 salem.
439 2770 590 2863 Cumque
616 2771 684 2844 illic
711 2774 900 2867 veniebant,
929 2776 1044 2848 statim
1070 2775 1127 2848 ille
1146 2797 1287 2867 praeses

279 2905 371 2996 dixit,
402 2906 493 2998 quod
520 2907 748 2999 speculatores
766 2905 916 3001 luissent,
946 2913 982 2980 61
1008 2910 1184 3001 praecepit
1211 2912 1286 2984 illos

277 3040 312 3111 in
340 3061 511 3114 carcerem
539 3040 630 3112 trudi
646 3061 751 3132 usque
771 3041 815 3113 ad
834 3041 916 3114 illud
934 3046 1075 3135 tempus,
1106 3065 1174 3133 quo
1188 3067 1287 3137 repe-

248 3243 252 3264 .
279 3173 365 3246 11161
391 3195 413 3246 6
438 3196 532 3266 rege,
563 3173 642 3267 quid
668 3173 804 3247 lecisset
831 3175 873 3247 de
891 3176 1025 3248 illorum
1041 3199 1148 3257 eausa.
1186 3177 1287 3251 Gum-

260 3327 348 3398 .que
379 3307 428 3380 illi
461 3309 598 3381 fuerant
629 3307 664 3378 in
691 3328 839 3400 6616616,
869 3308 1043 3383 confestim
1070 3312 1155 3383 mira
1181 3314 1287 3383 omni-

277 3416 428 3533 potentis
459 3442 524 3513 Dei
561 3440 822 3533 dispensatione,
858 3443 914 3533 qui
946 3444 1021 3535 pius
1053 3446 1181 3538 ubique
1209 3468 1287 3520 suos

278 3572 726 3665 11161161661161116116,
753 3573 842 3648 inter
854 3576 1015 3652 barbaros
1029 3582 1067 3653 et
1093 3579 1286 3672 belligeros,

277 3706 368 3813 11161
394 3727 549 3780 carceres
576 3711 612 3779 61
639 3708 886 3782 contumacium
913 3715 1069 3786 catervas
1084 3733 1144 3786 sua
1169 3719 1290 3806 prote·
