2782 4290
1035 421 1099 488 249

85 598 274 687 artificibus
302 604 340 672 et
367 600 608 694 sculptoribus,
645 602 763 675 voleus
795 603 928 694 lapides
963 607 1100 678 ornatos

85 736 241 828 auferre,
271 735 382 808 subito
409 756 548 826 serpens
575 736 775 809 immodicus
802 737 975 811 incanduit
1002 743 1039 811 et
1065 739 1101 810 in

86 872 218 960 pariete
255 870 413 962 apparuit
450 874 588 959 reptans
630 889 732 960 super
765 871 896 944 tabulas
936 870 1098 962 lapideas,

87 1004 241 1078 dividens
263 1005 356 1093 ipsas
385 1025 447 1094 per
470 1003 626 1094 medium,
656 1004 752 1094 cujus
772 1004 947 1096 hucusque
965 1025 1100 1095 gressus

85 1140 120 1210 in
155 1140 306 1228 pariete,
343 1137 431 1208 sicut
464 1136 550 1226 vidi,
589 1142 753 1228 apparent
786 1159 891 1228 usque
925 1140 969 1211 ad
994 1139 1101 1211 altare

87 1273 190 1345 trium
225 1293 346 1364 regum
379 1271 470 1342 circa
505 1271 681 1342 cisternam
716 1272 937 1360 praedictam.
975 1271 1101 1362 ,Quod

88 1427 250 1496 cerneus,
289 1404 450 1479 soldanus
484 1403 643 1476 conlusus
675 1404 839 1478 discessit.
892 1407 936 1477 In
972 1406 1102 1479 ambitu

86 1541 191 1632 hujus
218 1540 419 1612 monasterii
447 1538 594 1610 alatere
619 1538 784 1629 aquilonis
805 1538 1023 1613 descenditur
1037 1549 1102 1631 'per

90 1678 136 1746 19
174 1673 299 1763 gradus
334 1673 591 1764 scapulam,
643 1694 729 1764 quae
766 1675 954 1746 studerium
994 1676 1102 1746 sancti

88 1809 289 1899 Hieronymi
317 1807 456 1898 dicitur,
491 1806 548 1878 ubi
578 1808 625 1878 55
655 1808 750 1880 annis
778 1812 815 1881 et
846 1829 905 1881 sex
931 1809 1102 1881 mensibus

86 1944 120 2014 in
153 1941 378 2014 translatione
416 1942 659 2032 scripturarum
694 1942 882 2016 desudavit.
946 1941 1101 2015 Proxime

86 2078 162 2149 hinc
189 2096 253 2166 per
279 2075 458 2148 maceriam
486 2075 529 2146 ad
556 2079 627 2147 tres
655 2097 773 2167 passus
790 2077 826 2149 in
846 2077 989 2149 obscuro
1006 2076 1103 2168 juxta

87 2212 208 2300 altare,
238 2210 301 2282 sub
321 2230 486 2301 praesepe
503 2209 647 2300 Domini,
677 2209 847 2282 adextris
875 2214 929 2283 est
955 2210 1102 2283 tumulus

87 2346 172 2437 ejus,
203 2363 269 2434 quo
296 2343 405 2435 primo
434 2344 586 2435 sepultus
615 2347 700 2416 erat.
743 2329 831 2415 Gum‘
856 2349 968 2416 autem
997 2317 1103 2416 Terra

87 2477 211 2550 Sancta
223 2477 352 2549 tradita
379 2481 454 2549 erat
481 2478 515 2549 iu
542 2497 659 2549 manus
687 2476 893 2569 perfidorum
921 2482 970 2570 et,
1000 2478 1101 2551 Jeru-

88 2613 203 2697 salem
227 2631 296 2688 non
331 2609 480 2683 sentiens
515 2610 745 2702 defensorem,
788 2631 865 2683 ossa
898 2613 972 2704 ejus
1000 2632 1104 2684 vene-

87 2745 207 2818 randa
228 2744 395 2817 translata
429 2749 509 2816 sunt
536 2744 678 2816 Romam
711 2750 747 2817 et
783 2746 928 2834 plurium
962 2747 1105 2818 aliorum

88 2883 295 2953 sauctorum.
353 2878 476 2950 Adhuc
517 2884 596 2949 sunt
634 2878 807 2952 citeriores
845 2901 1008 2954 cavernae
1043 2881 1105 2952 sub

88 2987 188 3086 saxis
213 3011 436 3101 pendentibus
465 3032 485 3083 a
512 3012 673 3102 sinistriS,
708 3013 743 3084 in
778 3013 896 3105 quibus
930 3015 1106 3088 obfuscata

88 3153 124 3221 ¹et
157 3135 357 3237 projecta
398 3148 497 3216 erant
537 3145 643 3217 multa
687 3167 870 3239 corpora
908 3149 1105 3220 innocen-

90 3283 205 3353 tium.

171 3416 264 3487 Inter
290 3412 480 3486 Jerusalem
510 3417 544 3484 et
571 3413 774 3486 Bethlehem
806 3419 884 3486 sunt
916 3414 1004 3485 duae
1030 3414 1103 3484 leu-

95 3571 163 3641 cae,
192 3550 227 3622 id
256 3553 317 3638 est,
347 3568 449 3619 unum
475 3547 616 3621 milliare
644 3549 847 3620 alemanicae
865 3549 951 3635 viae,
981 3548 1105 3636 inqua

98 3683 150 3754 ria
175 3683 283 3756 multa
309 3681 514 3775 mysterialis
547 3685 625 3753 sunt
655 3681 756 3754 iacta.
817 3680 905 3752 Nam
931 3679 1105 3752 Abraham
