2782 4290
1029 440 1094 509 269

79 625 236 707 castrum
270 617 451 710 Margat,
480 603 640 691 'fratrum
680 617 860 709 hospitalis
894 621 1001 694 sancti
1034 620 1096 694 Jo-

79 754 201 826 hannis
228 755 261 825 in
288 759 406 825 monte
434 754 503 825 alto
536 753 624 824 hene
657 752 835 844 munitum,
871 754 1004 826 amari
1030 775 1095 846 per

79 909 183 960 unam
214 889 361 978 leucam,
397 907 505 978 prope
539 887 708 959 civitatem
734 886 927 978 Valoniam,
961 888 996 958 in
1029 892 1095 978 q'ua
1240 880 1243 887 ’

75 999 1220 1111 ΜΜΜΜἫΜΜΜΜν’

79 1175 240 1227 cenorum
266 1155 300 1225 in
328 1160 473 1227 castrum
501 1158 554 1226 est
581 1154 753 1225 translata.

161 1290 202 1360 In
241 1288 382 1360 civitate
421 1287 603 1359 Valania
642 1293 677 1358 et
716 1288 751 1357 in
794 1287 896 1360 fluvio
942 1287 1096 1381 ejusdem

78 1421 231 1510 nominis
260 1423 319 1511 qui
345 1422 452 1511 ipsam
479 1419 698 1512 praeterfluit,
727 1421 930 1493 terminatur
952 1441 1096 1512 regnum

78 1556 271 1630 Jerusalem
300 1561 335 1627 et
361 1555 480 1644 incipit
508 1553 755 1644 patriarchatus
775 1555 979 1634 antiocenus.
1016 1555 1096 1628 Dis-
1167 1620 1170 1623 r

80 1696 131 1761 tat
158 1690 251 1762 locus
277 1689 334 1759 ille
362 1689 405 1759 ab
434 1687 554 1758 Ankon
582 1709 644 1779 per
677 1694 752 1760 octo
791 1689 915 1780 dietas,
952 1696 987 1762 et
1020 1695 1097 1761 sunt

80 1821 841 1914 quatuordietaeahistousqueAntiochiam.
868 1823 1094 1894 Antiochia

82 1958 173 2029 enim
201 1961 254 2028 est
281 1956 314 2026 in
356 1956 530 2047 provincia
571 1954 804 2047 Coelesyriae‚
849 1977 936 2049 quae
975 1957 1095 2047 incipit

79 2089 228 2162 afluvio
256 2088 433 2179 Euphrate
461 2095 497 2162 et
523 2090 724 2160 terminatur
749 2090 784 2160 in
817 2092 891 2161 rivo
921 2090 1096 2181 Valonice,

80 2225 137 2314 (lui
176 2223 251 2294 fluit
285 2224 346 2295 sub
381 2227 492 2294 castro
527 2222 679 2313 Margat,
733 2229 768 2295 et
806 2222 896 2295 cadit
935 2225 969 2293 in
1003 2243 1097 2293 mare
1230 2200 1271 2248 '³

80 2357 243 2446 Magnum
266 2357 368 2448 juxta
395 2357 508 2427 villam
538 2355 720 2446 Volcaniae,
749 2357 783 2426 in
817 2377 884 2446 qua
909 2355 974 2429 fuit
999 2354 1098 2428 sedes

57 2491 294 2583 episcopalis,
324 2494 361 2562 ut
386 2491 599 2581 praedictum
627 2496 687 2561 est.
744 2491 784 2561 In
811 2491 929 2562 eadem
957 2489 1095 2582 provin-

83 2626 135 2696 cia
169 2628 223 2696 est
257 2623 443 2713 Laodicea,
488 2623 633 2714 Apamia
675 2645 750 2695 cum
784 2625 927 2696 caeteris
959 2623 1099 2695 urbibus

81 2757 312 2846 suffraganeis.
370 2756 449 2828 Alia
476 2762 530 2829 est
547 2756 644 2847 Syria
663 2756 849 2848 Phoenicis,
876 2778 963 2847 quae
984 2757 1100 2849 incipit

82 2890 307 2982 apraedicto
335 2890 436 2962 fluvio
465 2890 632 2963 Valaniae
659 2879 701 2962 ab
729 2891 889 2980 aquilone
917 2897 954 2965 et
981 2897 1098 2964 exten·

84 3024 175 3098 ditur
202 3045 319 3097 versus
346 3030 497 3097 austrum
525 3044 633 3113 usque
660 3024 703 3095 ad
726 3024 896 3097 Petram
923 3026 1098 3097 incisam

83 3159 143 3231 snb
177 3164 293 3231 monte
337 3159 503 3241 Carmeli,
545 3159 602 3249 qui
639 3160 730 3231 locus
771 3158 873 3232 hodie
916 3165 1098 3231 castrum

84 3291 410 3381 Peregrinarum
439 3293 569 3364 dicitur.
627 3293 667 3363 In
693 3293 760 3365 ista
787 3291 884 3383 Syria
911 3297 988 3364 sunt
1016 3285 1098 3363 civi'-

86 3431 176 3499 tates
204 3423 354 3517 Margat‚
374 3425 606 3519 Antiaradum,
631 3426 784 3517 Tripolis,
813 3425 1012 3515 Baruthum,
1046 3423 1097 3493 Si-

46 3619 50 3633 .
88 3559 160 3651 don,
191 3557 310 3650 Tyrus
339 3559 480 3650 Ackon,
510 3561 759 3652 Kaphamaum.
814 3558 894 3631 Alia
920 3564 972 3632 est
1000 3556 1098 3646 Syria

88 3691 242 3764 Damasci
271 3694 326 3764 vel
342 3694 498 3785 libanica,
528 3694 563 3764 in
578 3714 646 3785 qua
668 3691 866 3782 metropolis
886 3697 939 3763 est
956 3690 1098 3765 Damas·
