2782 4290
1162 359 1204 424 57

184 542 338 633 matos,
378 541 440 613 sibi
474 560 541 612 non
569 538 768 631 deiuemnt,
804 540 865 612 sed
897 538 1014 612 filium
1029 559 1124 610 suum
1150 541 1206 612 rix

191 676 437 767 quinquennem
463 672 680 745 monachicae
700 673 899 746 districtioni
924 671 1013 763 apud
1039 679 1206 747 monaste·

190 808 278 879 rium
305 805 533 878 Waltheim
566 805 708 898 dictum,
757 806 819 879 sub
846 805 1039 879 venerando
1080 806 1205 880 abbate

190 939 397 1030 Egilwardo,
413 938 666 1012 dedicaverunt.
694 938 838 1012 Litteris
855 959 937 1028 ergo
952 939 1127 1031 applicitus
1140 960 1203 1013 neo

189 1077 397 1147 momentum
409 1072 571 1162 temporis
585 1073 654 1144 otio
670 1072 820 1163 indulsit,
839 1072 900 1144 scd
915 1071 1010 1144 brevi
1023 1072 1205 1145 solertissi-

188 1228 262 1279 mus
287 1206 460 1297 pruelatus
481 1210 598 1295 pectus
616 1226 712 1278 suum
731 1203 996 1296 hagiographiae
1023 1206 1204 1278 armarium

189 1339 285 1430 iecit,
303 1342 341 1412 et
353 1343 390 1412 ut
403 1337 576 1412 Christum
588 1338 623 1410 in
638 1339 790 1412 omnibus
806 1338 1021 1429 exprimeret,
1043 1337 1205 1430 quidquid

189 1473 306 1564 divini,
334 1471 495 1565 quidquid
515 1472 602 1561 legis
623 1472 874 1546 ecclesiasticae
908 1471 1055 1561 legendo
1083 1492 1205 1564 perce-

188 1608 257 1708 pit,
278 1606 362 1678 -hoc
396 1605 547 1677 moribus
585 1609 622 1677 et
653 1605 775 1704 ‚habitu
814 1604 960 1679 fideliter
994 1603 1204 1695 assequendo

190 1739 355 1830 implevit
395 1738 433 1809 ln
460 1739 600 1827 singulis
627 1759 712 1828 ergo
740 1739 921 1811 virtutibus
933 1739 1005 1830 jam
1033 1736 1203 1810 excellen-

191 1873 319 1945 tissime
333 1872 492 1963 eminens,
521 1872 572 1944 ita
588 1873 708 1946 enituit
729 1871 1042 1962 perfectissimum
1056 1869 1201 1960 Christo,

190 2011 230 2078 ut
256 2005 304 2078 nil
332 2005 509 2095 cogitaret,
539 2005 603 2092 nisi
629 2027 703 2079 esse
731 2026 806 2078 cum
833 2002 980 2077 Christo.

273 2142 307 2210 3.
338 2138 496 2227 Quamvis
524 2159 607 2228 ergo
630 2140 702 2230 jam
728 2139 901 2228 abnegato
929 2160 965 2209 se
994 2139 1079 2230 ipso,
1107 2159 1204 2209 mun·

193 2273 272 2346 dum
304 2278 375 2344 tam
414 2277 545 2364 mente,
584 2293 684 2363 quam
719 2271 838 2344 habitu
870 2271 1047 2362 calcasset,
1085 2271 1205 2344 timere

193 2412 308 2478 tamen
335 2405 432 2479 deest
459 2405 671 2497 perfectioni,
701 2405 793 2496 quod
819 2405 853 2476 in
874 2405 979 2476 natali
994 2405 1066 2478 solo
1082 2425 1204 2494 paren·

189 2540 278 2613 cerae
311 2514 458 2628 dignitas
491 2538 731 2631 aliquantulum
757 2537 868 2611 famae
897 2543 933 2610 et
950 2524 1097 2610 -uonorrs
1126 2538 1199 2628 sior,

189 2675 271 2746 licet
306 2672 451 2761 nolenti,
488 2671 635 2762 addidit3
670 2670 869 2744 decreverat
895 2671 1039 2762 patriam
1068 2671 1196 2766 egredi,

188 2811 224 2880 et
250 2814 322 2878 tam
347 2806 497 2895 ignotus,
533 2825 632 2897 quam
659 2824 763 2894 egens
789 2826 851 2897 pro
879 2801 1017 2877 Christo
1044 2807 1200 2895 peregri-

187 2942 272 3013 nari.
330 2938 380 3010 Et
406 2960 449 3011 ne
476 2939 568 3011 solus
595 2959 638 3010 ex
665 2940 734 3011 suis
754 2936 880 3012 Ghristi
906 2939 1048 3011 militiae
1076 2938 1201 3012 adscm'-
1278 2935 1283 2945 ’

187 3075 338 3163 heretur,
362 3076 501 3164 putrem
527 3072 665 3145 nomiae
682 3069 911 3161 Richardooa,
937 3094 1061 3162 genere
1088 3078 1120 3146 ot
1146 3095 1200 3146 re·

186 3207 248 3279 bun
286 3205 437 3296 ducam,
479 3205 577 3298 adiit,
619 3207 720 3297 eique
756 3206 872 3278 mundi
912 3211 1122 3279 contemtum
1165 3211 1200 3279 et

186 3340 494 3432 peregrinationem
510 3339 652 3413 suadere
680 3339 804 3430 coepit.
836 3340 911 3432 Qui,
941 3360 1017 3412 cum
1045 3339 1201 3431 abjiciret

186 3474 266 3567 filio,
296 3473 360 3546 sibi
392 3473 507 3547 videri·
534 3472 801 3546 crudelissimum
833 3479 869 3546 et
895 3474 1030 3545 omuino
1066 3472 1109 3544 ab
1137 3471 1199 3544 hu-

186 3609 350 3681 manitate
377 3607 537 3698 alienum,
567 3604 657 3680 fihos
684 3606 816 3698 orbare,
845 3607 1021 3698 conjugem
1048 3604 1198 3698 viduare,
