2782 4290
158 460 230 525 ·88

188 845 316 916 XXVII.
351 829 544 919 Jerusalem,
574 839 738 918 sebastia,
761 833 894 905 oaolosia
929 854 1024 921 supas
1059 835 1201 920 puteum,

189 952 246 1020 ubi
274 950 425 1018 Dominus
455 966 567 1033 aquam
596 945 778 1031 postolavit
809 960 829 1010 a
861 943 1080 1022 samaritana,
1112 957 1202 1008 mons

492 1046 644 1132 samaim,
667 1048 750 1118 uilla
772 1056 899 1135 magma.

271 1299 322 1372 Et
349 1296 428 1371 inda
455 1304 622 1372 venerunt
649 1303 773 1391 quarta
794 1299 867 1372 vine
888 1295 932 1371 ad
953 1296 976 1372 J
985 1296 1202 1369 orusalom.

192 1426 242 1497 Et
267 1424 313 1497 ibi
339 1426 514 1497 manentes
541 1425 750 1516 aliquantum
783 1429 932 1515 tompus,
966 1423 1133 1496 venerunt
1160 1419 1204 1491 ud

194 1559 312 1632 unbem
360 1555 614 1648 Sebastiam,
663 1568 752 1649 quaa
798 1557 891 1648 prius
935 1559 1009 1628 aaut
1053 1553 1205 1627 Samaria

195 1693 321 1765 sonato.
377 1689 446 1765 usu
472 1691 652 1783 postquam
678 1688 736 1762 iiia
764 1688 937 1763 conbusta
963 1689 1092 1781 iuerat,
1126 1705 1205 1760 oon·

72 1864 86 1889 s
191 1827 380 1900 struebant·
402 1826 526 1898 itanum
562 1841 666 1897 unum
694 1824 879 1915 castelium,
914 1820 971 1898 ubi
1007 1821 1100 1916 psius
1128 1827 1204 1895 aiut

190 1945 356 2050 Samaria,
401 1963 435 2030 ea
468 1959 635 2031 uocabant
667 1956 751 2031 iilud
791 1957 965 2031 castalium
1004 1955 1202 2030 Sebastiam.

191 2090 242 2166 mu
268 2093 315 2166 ibi
341 2092 559 2184 requiescunt
584 2108 672 2164 nunu
701 2076 1033 2165 sanctusiobanuus
1049 2089 1204 2182 Baptista

191 2230 229 2302 at
245 2227 374 2300 Abdias
401 2231 438 2298 ot
454 2225 632 2300 Helisaeus
657 2226 832 2319 propiata.
864 2222 914 2297 Et
939 2225 988 2298 ibi
1016 2232 1067 2300 ast
1080 2231 1205 2316 uatem

192 2362 249 2434 iiia
276 2337 383 2454 puopo
402 2358 591 2450 castollum,
620 2361 680 2434 ubi
693 2360 859 2433 Dominus
878 2358 1062 2449 postolavit
1080 2373 1204 2452 aquam

192 2494 308 2567 bibaro
336 2514 356 2564 a
382 2494 586 2570 sumamma
611 2493 763 2566 muliero.
818 2486 866 2567 Et
891 2506 994 2584 sopor
1019 2494 1114 2566 iiiam
1141 2509 1204 2586 pu·
1265 2564 1268 2569 ,

194 2630 287 2698 taum
315 2639 402 2698 muno
431 2631 482 2697 ast
511 2627 672 2718 ecclesia,
702 2633 737 2700 et
762 2627 820 2701 ills
853 2640 949 2700 mons
986 2633 1038 2701 ast
1063 2625 1125 2719 ibi,
1166 2629 1202 2700 in

191 2766 259 2850 qno
287 2757 476 2829 adorabant
503 2761 704 2834 samaritani.
746 2760 795 2834 Et
822 2756 1202 2835 illamuiia1·diaitad

101 2917 103 2921 ·
194 2892 390 2963 Dominum:
430 2891 556 2966 Patres
588 2896 698 2969 absara·
727 2897 766 2968 iu
797 2899 908 2968 uaooate
939 2894 1000 2968 loon
1034 2894 1202 2969 adoraue-

191 3029 284 3132 aaut,
314 3028 345 3096 et
371 3031 407 3097 tu
434 3026 532 3118 ctiam,
560 3029 653 3122 qood
679 3030 717 3102 ia
738 3026 988 3119 ffuaaoaolymts
1021 3033 1071 3102 ast
1096 3022 1202 3121 tomas,

193 3156 252 3229 abi
284 3157 433 3233 namara
465 3168 603 3254 spumat.
658 3157 754 3236 Tuus
783 3162 853 3235 iliio
882 3167 1016 3236 ouautos
1042 3180 1205 3257 pontuma-

192 3298 274 3364 iunt
312 3308 414 3386 super
447 3299 726 3371 samaritanorum
763 3296 937 3387 regionam
971 3297 1005 3368 in
1042 3298 1204 3372 anu-emis

191 3425 313 3508 tinibus
339 3426 470 3502 itionum
497 3431 531 3502 iu
559 3428 671 3504 milam
696 3443 853 3520 maguam
883 3448 994 3511 uuam.
1034 3428 1085 3504 Ibi
1106 3438 1204 3504 eraut

191 3574 292 3639 ubuum
319 3567 469 3634 noctem.
