2782 4290
1173 460 1194 526 3
1332 508 1338 515 .

263 621 331 698 Sed
357 624 435 716 quia
461 646 552 698 nnnc
576 627 722 717 primum
735 629 923 719 Deigratia
936 636 1187 730 venerandique

183 759 249 832 viri
275 764 389 830 tantae
416 758 550 832 visionis
576 762 804 852 magnitudine
823 770 1024 858 vestraeque
1038 773 1192 845 auctori-

185 894 265 966 latis
292 893 490 968 excellentia
518 900 552 966 et
578 895 681 969 nihilo
708 897 816 969 minus
832 898 918 970 bene
932 900 1044 972 valido
1056 908 1193 980 vestrae

184 1027 366 1101 voluntatis
398 1028 521 1099 auxilio
553 1032 656 1119 atque
690 1052 855 1106 consensu
888 1032 1097 1125 aliquatenus
1134 1058 1189 1112 me
1234 1064 1236 1069 ⁴

184 1141 363 1235 credebam
389 1182 488 1252 posse
515 1164 707 1254 impetrare,
736 1169 776 1235 ut
803 1166 890 1237 tanti
918 1166 1029 1257 operis
1057 1169 1192 1246 eelsitu—

184 1296 296 1370 dinem
330 1299 493 1386 tantaque
529 1297 766 1369 miraculorum
798 1318 960 1372 necnon
993 1300 1095 1373 etiam
1123 1305 1192 1377 vir-

184 1434 294 1502 tutum
320 1430 432 1519 signa,
469 1450 556 1520 quae
592 1431 755 1503 Dominus
791 1453 854 1523 pro
887 1432 1021 1504 humani
1056 1439 1191 1524 generis

184 1563 293 1634 salute
320 1582 357 1634 se
385 1563 601 1654 humiliando,
631 1564 868 1638 descendendo
895 1566 930 1636 in
948 1565 1085 1639 humani
1112 1590 1189 1643 eor-

186 1699 278 1787 poris
305 1696 517 1787 assumtione,
547 1697 681 1769 divinae
708 1697 886 1771 roboratus
898 1701 1074 1790 potentiae
1087 1704 1192 1793 privi-

187 1833 291 1922 legio,
335 1835 510 1920 praestare
551 1836 653 1921 atque
685 1831 851 1919 perficere
883 1833 1039 1921 dignatus
1074 1841 1125 1908 est
1157 1837 1192 1910 in

188 1966 252 2036 hoc
294 1965 436 2054 mundo,
472 1964 605 2054 suisque
640 1945 744 2038 oculis
776 1964 958 2038 venerandi
992 1966 1057 2038 viri
1085 1969 1193 2044 Willi-

188 2099 278 2172 baldi
305 2098 530 2188 corporaliter
558 2097 692 2188 cognita
718 2098 853 2187 suisque
874 2098 997 2189 plantis
1008 2118 1071 2186 per
1083 2104 1194 2175 omnia

188 2233 353 2325 palpando
406 2231 683 2323 penetrandoque
737 2230 911 2302 visibiliter
957 2251 1193 2322 comparuere:

188 2365 395 2439 haecomnia
421 2365 606 2437 intimando
635 2363 903 2454 perstringimus.
943 2362 993 2434 Et
1003 2384 1072 2436 non
1089 2367 1196 2439 solum

109 2499 111 2502 ⁴
188 2503 294 2590 signa,
324 2520 411 2590 quae
439 2498 534 2571 nobis
554 2519 617 2590 per
646 2496 812 2587 evangelii
839 2496 981 2584 gratiam
1009 2503 1106 2570 certa
1134 2500 1193 2574 de-

187 2639 427 2725 monstrantur,
457 2633 515 2705 ille
542 2632 690 2722 videbat,
719 2632 912 2727 sedetiam
939 2631 1011 2721 ipsa
1026 2635 1194 2707 terrarum

189 2769 279 2859 loca,
323 2767 384 2840 ubi
416 2767 580 2840 Dominus
616 2772 734 2839 noster
769 2765 934 2838 nascendo
967 2765 1196 2855 patiendoque

190 2923 231 2974 ac
259 2900 465 2991 resurgendo
492 2898 589 2971 nobis
617 2899 785 2990 apparuit,
815 2902 852 2970 et
879 2898 984 2969 nihilo
1011 2898 1198 2970 minusalia

189 3035 418 3127 prodigiorum
451 3036 683 3123 virtutumque
721 3032 881 3120 vestigia,
911 3052 998 3122 quae
1035 3031 1200 3103 Dominus

189 3171 225 3239 in
264 3170 331 3240 isto
380 3168 462 3240 orbe
500 3173 669 3241 terrarum
716 3165 916 3254 depromere
959 3163 1198 3254 diffamareque

190 3302 441 3391 dignatusest,
470 3299 526 3373 ille
554 3299 727 3391 perspicax
755 3303 947 3370 nostrorum
981 3296 1197 3387 paedagogus

191 3435 340 3505 omnium
373 3433 485 3505 omnia
518 3430 774 3521 transmeando,
815 3430 881 3501 tide
916 3429 1088 3518 robustus,
1128 3425 1197 3498 feto

190 3568 391 3658 fortunatus,
420 3567 611 3658 procaciter
643 3585 846 3657 peragram,
888 3563 998 3635 omnia
1030 3557 1199 3632 visitando

190 3701 383 3794 reperiebat
416 3705 522 3790 atque
560 3699 710 3772 videbat.
770 3698 870 3772 Unde
902 3717 990 3769 nunc
1017 3697 1128 3782 certe,
1161 3695 1201 3761 11

992 3813 1041 3878 1*
