2782 4290
1138 365 1200 429 115
1218 432 1225 444 ‚

187 540 237 612 ad¹
259 539 414 612 ultimum
441 538 475 608 in
492 536 665 630 Galliam,
709 539 743 610 in
784 559 908 630 pagum
948 542 1197 636 pictaviensem,

188 678 225 745 et
254 675 381 764 absque
408 673 529 764 indice,
561 695 627 764 qno
656 675 847 746 venientem
874 674 918 744 ad
945 675 1112 765 baptisma
1139 681 1198 751 Je-

186 830 265 880 sum
291 807 505 897 indicaverat,
536 807 662 878 dicens:
691 805 787 878 Ecce
814 829 925 896 aquus
941 806 1011 879 Dei
1038 817 1103 881 etc.
1142 812 1198 882 In-

186 941 299 1012 dicem
325 940 417 1011 illum
445 940 565 1010 detulit
592 961 708 1012 secum
719 941 819 1012 beata
834 941 959 1011 Thecla
986 943 1081 1030 virgo
1110 945 1199 1016 iuter

186 1073 305 1164 Alpes
334 1074 447 1163 ibique
476 1074 537 1146 sub
559 1074 702 1145 maxima
737 1075 955 1145 veneratione
990 1081 1129 1147 tenetur
1164 1079 1196 1148 in

186 1207 328 1280 ecclesia
355 1208 589 1280 maurianensi.
626 1207 674 1278 Et
701 1215 753 1279 est
780 1208 932 1279 Samaria
958 1231 1080 1279 nomen
1108 1213 1199 1284 urbis

189 1344 227 1413 et
254 1341 397 1430 patriae.

271 1475 399 1564 Quarto
426 1473 582 1544 milliario
610 1494 632 1544 a
659 1472 810 1545 Samaria
838 1481 889 1546 est
915 1476 1083 1568 Neapolis
1113 1501 1198 1569 quae

188 1614 226 1681 et
254 1607 431 1696 Sicbem‚
463 1607 551 1678 inter
563 1607 640 1678 Dan
669 1609 976 1698 etBetbelposita.
1005 1611 1196 1702 ASichcm,

187 1747 285 1834 patre
313 1741 453 1831 Hemor,
483 1742 538 1830 qui
566 1740 698 1832 Dinam,
730 1741 831 1813 filiam
846 1743 965 1834 Jacob,
995 1747 1109 1833 rapuit
1126 1745 1199 1816 fini-

188 1879 251 1949 bus
278 1876 345 1947 illis
361 1873 640 1963 deambulantem,
671 1878 765 1945 terra
779 1875 836 1945 illa
850 1884 969 1949 vocata
985 1884 1035 1950 est
1054 1877 1197 1949 Sichem.

189 2013 230 2083 In
268 2008 403 2080 Sichem
440 2012 522 2079 vero
561 2007 671 2077 relata
704 2005 839 2079 fuerant
879 2032 954 2082 ossa
988 2011 1116 2101 Joseph
1158 2034 1199 2083 ex
1319 2044 1323 2061 v

189 2144 362 2235 Aegypto.
406 2141 443 2210 ln
470 2139 604 2211 Sichem
627 2140 726 2230 juxta
753 2139 883 2212 fontem
909 2143 1082 2216 fabricavit
1098 2145 1196 2216 Jero-

188 2279 290 2349 boam
318 2275 401 2346 duos
428 2244 549 2347 aureos
575 2272 711 2361 vitulos,
742 2294 824 2362 quos
839 2273 974 2345 adorari
990 2275 1071 2347 fecit
1093 2279 1199 2348 instar

189 2412 308 2482 Aaron
335 2408 455 2480 decem
482 2405 643 2500 tribubus,
674 2427 757 2496 quas
790 2428 904 2478 secum
938 2408 980 2478 de
1010 2408 1198 2480 Jerusalem

189 2545 379 2616 adduxerat
405 2544 441 2610 et
466 2539 656 2611 seduxerat.
709 2539 822 2611 Unum
851 2562 891 2610 ex
929 2541 977 2612 eis
1012 2543 1127 2631 posuit
1164 2543 1197 2613 in

188 2679 277 2766 Dan,
306 2675 409 2746 alium
435 2672 469 2742 in
496 2672 628 2742 Bethel.
686 2671 820 2744 Sicbem
842 2674 960 2744 urbem
987 2675 1079 2746 illam
1105 2675 1199 2745 dele-

190 2812 317 2882 verunt
344 2806 405 2878 filii
430 2807 553 2894 Jacob;
581 2805 710 2876 Hemor
732 2827 863 2896 quoque
885 2813 1110 2898 peremerunt,
1141 2807 1200 2878 do-

188 2945 299 3015 lentes
334 2941 378 3013 dc
411 2939 576 3011 adulterio
610 2938 735 3027 Dinae,
768 2940 891 3009 sororis
918 2960 1009 3010 suae.
1067 2938 1198 3009 Sichem

188 3077 241 3148 his
270 3075 388 3147 diebus
414 3072 576 3162 Neapolis
605 3070 741 3161 dicitur,
781 3071 911 3159 idest,
952 3072 1069 3143 civitas
1096 3092 1195 3141 nova.

189 3207 341 3280 Sichar
374 3212 453 3278 ante
490 3203 624 3275 Sichem
648 3204 745 3295 juxta
772 3205 956 3295 praedium,
988 3205 1078 3293 quod
1106 3203 1200 3274 dedit

188 3341 310 3430 Jacob,
340 3337 408 3409 lilio
436 3359 514 3410 suo:
541 3337 576 3407 in
604 3357 669 3426 quo
697 3336 771 3406 fons
785 3335 899 3432 Jacob,
929 3337 986 3426 qui
1015 3340 1049 3406 et
1068 3339 1199 3424 puteus,

189 3495 293 3566 supra
327 3493 427 3563 quem
460 3470 728 3559 evangelizatur,
764 3468 888 3541 fessum
922 3469 1042 3538 itinere
1075 3464 1201 3535 sedisse

189 3606 309 3679 Jesum
337 3609 374 3676 et
400 3624 587 3676 sermonem
614 3602 770 3674 habuisse
797 3600 1037 3672 cum-muliere
1064 3596 1202 3668 samari-

993 3721 1012 3784 8
1024 3717 1042 3756 ’l‘
