2782 4290
306 411 350 478 44

306 593 461 666 habetur.
518 587 566 662 Et
592 588 639 662 ibi
666 593 719 661 est
744 608 851 680 prope
879 587 1063 679 castellum,
1094 588 1151 661 ubi
1167 589 1319 682 requies·

306 728 353 801 cit
379 729 517 800 sanctus
552 720 747 796 Severinus.
803 722 854 793 Et
886 721 964 794 inde
999 723 1095 794 venit
1130 722 1175 796 ad
1200 724 1320 799 urbem

309 859 504 951 Capuam.
560 857 609 929 Et
643 856 701 928 iile
734 855 1005 948 archiepiscopus
1036 856 1127 930 misit
1163 878 1241 930 eum
1274 859 1320 932 ad

306 994 407 1068 aliam
438 993 574 1083 urbem,
610 991 654 1063 ad
686 991 780 1065 illum
808 991 1011 1083 episcopum.
1067 990 1117 1062 Et
1142 991 1200 1064 ille
1229 993 1318 1083 epis·

306 1149 407 1222 copus
439 1127 528 1200 misit
569 1147 646 1198 eum
683 1125 729 1198 ad
766 1127 884 1199 urbem
920 1124 1110 1216 Tianam,
1145 1125 1190 1197 ad
1224 1126 1318 1200 illum

306 1262 512 1353 episcopum.
551 1259 600 1331 Et
626 1260 684 1332 ille
712 1257 888 1351 episcopus
907 1259 998 1332 misit
1027 1280 1103 1331 eum
1130 1258 1174 1331 ad
1196 1257 1317 1333 Sanc-

306 1400 391 1469 tum
417 1394 709 1467 Benedictum.
738 1393 832 1466 Tunc
860 1398 936 1465 erat
964 1398 1152 1484 autumnus,
1182 1395 1318 1484 quaudo

306 1530 399 1604 venit
426 1529 472 1602 ad
498 1533 654 1602 sanctum
680 1527 913 1602 Benedictum.

305 1845 437 1914 XXXII.
469 1842 696 1912 nonasterium
718 1860 743 1907 s.
760 1840 930 1922 Benedicti,
952 1843 1052 1908 amnis
1067 1841 1221 1926 Rapidus,
1246 1843 1320 1910 vita

706 1948 908 2016 coenobialis.

385 2196 433 2269 Et
462 2201 543 2269 tunc
568 2196 702 2270 fuerant
730 2199 861 2286 septem
889 2195 977 2285 anni,
1020 2193 1110 2286 quod
1126 2190 1180 2267 'de
1208 2194 1319 2268 Roma

306 2331 448 2403 transire
476 2331 600 2421 eoepit,
633 2333 669 2401 ct
696 2329 843 2401 omnium
870 2333 968 2401 eraut
983 2329 1099 2402 decem
1116 2330 1203 2420 anni,
1228 2330 1317 2426 quod

305 2464 348 2537 de
385 2465 498 2556 patria
530 2485 590 2538 sua
609 2458 788 2535 transivit.
846 2462 999 2555 Cumque
1027 2464 1239 2537 venerandus
1267 2465 1319 2536 vir

307 2597 522 2670 Willibaldus
555 2602 591 2668 et
622 2595 864 2690 Tidberehtus‚
894 2598 1052 2690 quicum
1081 2619 1121 2670 co
1149 2598 1319 2688 pergebat

307 2753 371 2826 per
412 2731 539 2821 omnia,
582 2729 825 2820 perveniebant
872 2732 914 2805 ad
955 2730 1115 2805 Sanctum
1150 2732 1318 2806 Benedic-

306 2870 395 2956 tum,
424 2886 493 2936 non
520 2864 734 2956 reperiebant
760 2865 812 2938 ibi
834 2866 897 2940 nisi
925 2886 1049 2958 paucos
1073 2867 1258 2940 monachos
1283 2872 1318 2942 et

307 2998 463 3073 abbatem
489 2998 624 3071 nomine
643 2998 878 3080 Petronacem.
922 2999 1112 3091 Statimque
1124 2999 1185 3084 ille¹
1193 3021 1317 3092 magno

307 3133 428 3205 mentis
460 3132 689 3207 moderamine
723 3138 759 3206 et
793 3134 989 3224 dogmatum
1022 3134 1156 3222 ingenio
1184 3133 1315 3209 felicem

306 3264 447 3338 fratrum
473 3267 742 3358 contuberniam,
784 3267 910 3340 sedulis
943 3267 1230 3357 disputationibus
1257 3269 1316 3341 ad-

306 3400 461 3490 monitus,
490 3422 556 3472 non
584 3402 692 3474 solum
715 3401 838 3493 verbis,
867 3402 928 3475 sed
949 3401 1100 3474 moribus
1120 3403 1314 3494 venustatis,

304 3533 472 3608 visitando
500 3534 658 3627 docebat,
696 3540 732 3607 ct
758 3540 874 3610 rectae
902 3536 1147 3608 constitutionis
1174 3535 1316 3610 formam

308 3673 343 3741 et
370 3669 573 3744 coenobialis
599 3669 690 3743 vitae
717 3690 870 3744 normam
897 3671 932 3743 in
958 3675 1067 3743 semet
1100 3671 1173 3763 ipso
1202 3675 1317 3758 osteu-
