2782 4290
193 378 254 444 roa
322 468 327 477 ยน

269 560 356 631 Tota
384 559 478 631 vallis
504 557 654 650 pertinet
682 557 724 628 ad
752 557 1002 629 coenobium
1029 558 1068 628 in
1096 579 1198 629 surn-

189 695 340 766 mitate
384 692 532 787 ejusdem
574 690 703 764 vallis
749 710 850 782 supra
888 690 999 762 rivum
1028 693 1200 764 torrentis

190 825 323 898 Cedron
349 827 460 918 situm,
486 827 583 919 juxta
607 825 756 916 hortum,
785 824 819 894 in
839 843 904 915 qno
923 845 1024 916 saepe
1039 825 1201 897 Dominus

189 965 304 1032 noster
338 983 413 1032 curn
441 959 608 1051 discipulis
642 961 711 1030 suis
743 957 876 1030 solebat
910 959 1104 1030 convenire.
1161 959 1201 1030 In

189 1094 290 1185 hujus
318 1095 469 1168 coenobii
504 1098 622 1184 crypta
649 1092 759 1164 adbuc
794 1090 894 1162 hodie
928 1092 1116 1164 ostenditur
1143 1113 1201 1164 se-

189 1228 370 1317 pultura
397 1227 610 1300 beatissimae
638 1225 816 1316 virginis
844 1223 1025 1317 Mariae,
1065 1223 1108 1298 de
1136 1247 1202 1318 qua

190 1360 329 1451 amplius
357 1359 512 1434 dicemus.

194 1640 244 1704 18.
283 1637 454 1722 Sepultura
477 1659 502 1706 s.
518 1640 648 1722 Mariae,
669 1639 800 1723 capella,
821 1639 1061 1725 epigrammata,
1079 1638 1204 1707 bethse-

280 1762 381 1813 mane.

270 1976 310 2047 In
339 1973 460 2046 eodem
482 1974 537 2047 die
567 1973 870 2064 transmigrationis
897 1994 1049 2066 corpus
1077 1974 1204 2048 beatis-

86 2186 92 2195 ,
190 2109 294 2181 simae
318 2108 501 2198 virginis
517 2108 682 2181 Mariae
711 2108 838 2181 cunctis
853 2106 1029 2179 duodecim
1045 2109 1204 2199 apostolis

188 2242 325 2313 Domini
362 2262 403 2315 ex
435 2263 495 2313 sua
529 2242 744 2333 dispositione
783 2245 865 2313 tunc
898 2242 1137 2333 praesentibus
1169 2244 1204 2314 in

191 2377 365 2448 ecclesiam
399 2377 497 2448 vallis
531 2375 696 2467 Josaphat
735 2380 787 2448 est
822 2375 969 2448 delatum
1011 2381 1046 2448 et
1079 2376 1204 2449 ibidem

189 2512 230 2580 in
256 2509 395 2581 medio
426 2515 623 2601 cryptae,
651 2511 737 2581 miro
766 2494 918 2583 tabulatu
950 2529 1142 2581 marmoreo
1171 2514 1204 2582 et

190 2642 326 2730 egregia
353 2643 490 2731 pictura
510 2645 622 2715 colore
641 2644 735 2716 vario
764 2649 951 2733 exornatae,
982 2647 1033 2715 est
1059 2644 1204 2733 honoris

189 2775 251 2847 fice
284 2774 511 2867 sepultum,
559 2778 656 2870 cujus
691 2777 902 2868 sepulturae,
945 2776 1024 2850 licet
1060 2799 1203 2870 corpore

188 2909 336 3001 absente,
367 2912 506 3000 egregia
531 2918 602 2984 tam
627 2912 662 2983 in
688 2911 840 2984 tabulatu
867 2932 1071 3003 marmoreo,
1104 2934 1203 3005 quam

188 3047 222 3117 in
250 3049 392 3135 argento
429 3048 464 3115 et
492 3066 572 3118 auro
608 3047 643 3118 in
671 3046 808 3118 modurn
836 3044 954 3118 ciborii
988 3048 1202 3138 superposita

189 3183 298 3251 exstat
317 3183 505 3251 structura:
533 3180 585 3252 cui
604 3180 674 3251 tale
693 3180 883 3272 appositum
910 3182 963 3252 est
982 3180 1201 3271 epigramma:

239 3364 319 3437 Hic
345 3363 368 3437 J
376 3366 554 3456 osaphat
580 3367 737 3459 vallis,
759 3367 854 3439 hinc
886 3372 950 3440 ost
983 3368 1034 3440 ad
1061 3370 1203 3443 sidera

294 3498 426 3572 callis.

240 3632 286 3704 In
306 3633 481 3704 Domino
508 3631 637 3724 fulta,
658 3631 739 3706 fuit
765 3634 833 3706 hic
851 3632 987 3708 Maria
1015 3636 1197 3730 sepulta.
