2782 4290
1157 431 1199 499 2⁷

136 633 139 637 ·
188 605 378 695 pergebant
395 605 438 676 ad
452 603 681 695 Corazaim,
707 607 763 678 ubi
781 608 944 679 Dominus
961 607 1199 682 daemoniacos

188 739 327 828 curauit,
356 743 393 810 et
421 737 590 810 diabolum
618 738 776 811 mittebat
791 740 826 811 in
853 760 992 830 gregem
1008 762 1199 830 porcorum.

188 872 240 944 lbi
267 871 330 944 f't
358 871 498 944 ecelesia
527 871 796 944 christianorum.

187 1108 255 1174 XV.
290 1108 348 1175 Jor
371 1108 404 1173 at
426 1107 512 1186 Dan,
543 1105 707 1183 undante,
730 1107 862 1190 paludes
884 1108 1015 1187 Meron,
1046 1110 1200 1177 caesarea

498 1231 502 1238 -
621 1194 772 1279 Philippi.

267 1343 314 1416 Et
341 1343 387 1415 ibi
415 1348 563 1439 orantes,
593 1343 784 1433 pergebant
816 1343 912 1434 inde,
942 1348 977 1415 et
1016 1344 1199 1418 veniebant

187 1478 232 1549 ad
258 1478 371 1549 locum
397 1477 502 1566 illurn,
531 1476 589 1548 ubi
616 1476 683 1548 due
711 1477 822 1549 fontes
844 1476 893 1554 ‚de
921 1482 1014 1550 terra
1030 1483 1197 1569 emanant,

186 1610 210 1683 J
215 1632 260 1682 er
285 1615 325 1682 et
347 1610 451 1699 Dan,
482 1615 516 1682 et
544 1614 636 1701 tunc,
659 1611 836 1683 venientes
854 1610 1026 1683 demente
1042 1612 1200 1684 deorsum

185 1744 220 1814 in
248 1764 351 1815 unum
375 1744 520 1833 collecti,
549 1742 921 1817 faciuntJerdanem.
960 1744 1011 1817 Ibi
1024 1746 1200 1817 moraban-

187 1881 245 1948 tur
273 1898 372 1948 unam
399 1882 536 1950 noctem
576 1879 667 1950 inter
695 1878 779 1951 dues
812 1878 942 1969 fonteS,
979 1884 1014 1950 et
1046 1885 1200 1970 pastores

188 2011 315 2083 dabant
341 2011 435 2083 nubis
462 2032 577 2083 acrum
603 2012 654 2083 lac
670 2012 797 2084 bibere.
825 2012 876 2083 Et
891 2014 937 2086 ibi
954 2017 1032 2085 sunt
1045 2017 1204 2084 armenta.
1293 2002 1296 2007 ’

129 2219 134 2229 s
186 2144 351 2217 mirabilia
378 2144 479 2234 longe
508 2145 608 2217 dorse
639 2150 674 2216 et
701 2145 856 2218 brevibus
878 2145 1039 2235 cruribus,
1067 2145 1196 2233 magnis

188 2277 344 2350 cornibus
371 2278 508 2367 erectis;
538 2298 653 2351 omnes
680 2283 758 2351 sunt
778 2280 876 2351 unius
899 2279 1032 2350 coleris.
1056 2275 1199 2349 Ostreae

186 2411 329 2502 paludes
363 2416 443 2483 sunt
480 2413 666 2504 profundae
694 2413 751 2484 ibi.
805 2411 854 2483 Et
889 2412 1023 2503 quande
1057 2411 1199 2484 aestuali

189 2551 344 2636 tempure
384 2566 507 2634 magna
543 2547 622 2618 solis
661 2546 827 2617 caumatio
856 2546 899 2617 de
939 2547 1035 2618 coelo
1073 2551 1199 2618 terram

188 2699 288 2751 urere
321 2678 426 2770 solet,
449 2679 520 2786 ffla
556 2685 709 2751 armenta
742 2679 900 2752 tollentia
936 2701 972 2752 se
1000 2679 1130 2752 vadunt
1155 2679 1199 2750 ad

187 2811 345 2901 paludem
373 2816 409 2885 et
437 2813 639 2903 demergunt
665 2835 702 2885 se
730 2817 808 2885 tuto
824 2833 979 2903 corpore,
1009 2813 1071 2884 nisi
1100 2817 1199 2903 eaput

188 2946 307 3017 sulum.
340 2945 390 3018 Et
402 2946 482 3019 inde
496 2952 681 3037 pergentes
698 2946 921 3020 veneruntad
936 2945 1198 3036 Caesaream,

188 3079 247 3151 ubi
274 3077 338 3151 fuit
365 3080 507 3153 ecclesia
535 3089 572 3154 et
599 3081 778 3154 multitudo
806 3079 1074 3152 christianorum.

187 3287 273 3354 XVI.
298 3289 527 3356 monasterium
539 3293 571 3356 at
584 3287 715 3356 eeulesia
724 3305 751 3354 s.
764 3287 919 3355 Johannts
930 3289 1099 3372 Baptistae
1111 3304 1200 3354 senus

188 3395 369 3475 Jordanen,
382 3395 559 3480 baptismus
568 3397 602 3463 tn
614 3395 673 3462 hue
685 3396 794 3478 fluvio,
809 3394 992 3462 solennitas
1002 3395 1200 3480 epiphaniae.

241 3540 292 3614 Et
313 3542 359 3616 ibi
376 3544 627 3634 requiescentes
642 3543 853 3634 aliquantum
876 3543 1046 3634 temporis,
1075 3542 1200 3614 iterum

188 3668 379 3757 pergebant
412 3666 456 3740 ad
488 3667 784 3742 monasterinm
822 3669 963 3740 saneti
991 3666 1202 3742 Johannis
