2782 4290
287 1229 320 1311 b.
355 1229 440 1309 Vita
460 1226 538 1306 siue
558 1225 680 1327 potius
700 1222 931 1305 itinerarium
954 1223 1072 1306 saneti
1093 1225 1298 1308 Willitulti

617 1395 755 1462 auctore
781 1385 968 1491 Anonyme.

371 1627 405 1695 1.
434 1622 574 1695 Praesul
600 1621 702 1711 igitur
729 1618 956 1709 willibaldus,
993 1620 1167 1708 angelicae
1196 1623 1299 1694 easti-

157 1798 159 1803 ,
288 1756 368 1828 tatis
394 1756 509 1846 instar,
538 1754 582 1826 de
605 1775 728 1845 genere
754 1751 934 1843 auglorum
966 1752 1100 1825 emicuit
1127 1754 1297 1828 oriundus.

288 1887 436 1980 Cumque
465 1888 623 1977 egregiae
651 1887 771 1959 indolis
797 1907 884 1977 puer
911 1907 987 1957 cum
1004 1888 1146 1959 maxima
1174 1909 1300 1979 paren·

289 2026 361 2094 tum
388 2042 449 2112 spe
473 2021 488 2113 j
558 2020 737 2092 triennium
749 2018 931 2109 clauderet,
960 2020 1153 2092 morborum
1170 2022 1299 2094 iucom-

288 2154 396 2226 modis
429 2153 538 2227 subito
566 2153 728 2242 intabuit3
757 2151 937 2243 spectabile
963 2152 1033 2224 oris
1060 2152 1165 2226 decue
1191 2153 1297 2243 foeda

290 2282 464 2359 teutatem
491 2286 599 2358 mette
627 2285 795 2374 defloruit.
845 2283 997 2358 Ulcerati
1030 2269 1149 2359 delere
1176 2309 1300 2379 pareu-

287 2426 355 2510 tes,
386 2419 476 2511 quod
503 2419 633 2490 unicum
660 2424 739 2491 tune
766 2419 932 2510 restabat,
976 2440 1053 2490 eum
1093 2419 1155 2490 ete
1175 2422 1300 2510 putate

288 2575 346 2624 ere
373 2560 458 2625 aere
485 2551 671 2622 trahentem
699 2551 861 2624 eeclesiae
888 2551 1086 2644 inferenteS,
1115 2559 1194 2626 aute
1222 2554 1299 2626 ado·

286 2684 426 2756 rendam
453 2687 607 2755 sanctam
634 2704 766 2757 crucem
791 2689 991 2777 pesuerunt,
1021 2692 1056 2759 et
1082 2687 1110 2759 si
1137 2687 1180 2759 ad
1209 2688 1298 2760 salu-

287 2822 358 2889 tem
385 2821 611 2906 recrearetur,
647 2837 722 2888 eum
751 2818 884 2891 divinae
910 2819 1165 2911 mancipandum
1192 2821 1299 2893 servi-

288 2950 355 3022 tuti
383 2948 602 3022 devoverunt.
644 2950 716 3024 Piis
743 2953 858 3024 statim
885 2951 973 3024 vetis
990 2951 1148 3025 effectum
1165 2975 1298 3027 meren-

286 3082 384 3173 tibus,
412 3103 518 3172 puero
546 3104 620 3156 eum
647 3086 755 3158 salute
781 3085 876 3177 prior
902 3086 971 3157 eris
998 3085 1155 3157 decentia
1179 3087 1294 3179 rediit,

288 3219 323 3286 et
355 3216 527 3289 absolutae
565 3219 749 3292 valetudini
786 3219 1022 3292 reconciliatus
1055 3221 1294 3310 praemature
1341 3265 1355 3280 ·

286 3347 412 3437 pollere
440 3352 547 3442 eoepit
573 3352 766 3428 verteribus.

368 3482 508 3556 2..Hoe
550 3486 654 3574 igitur
671 3521 673 3525 ν
688 3485 798 3556 omine
826 3489 993 3574 parentes
1019 3482 1133 3558 Deam
1160 3485 1296 3579 aliquid
1358 3551 1361 3556 .

284 3615 401 3706 megae
427 3616 465 3687 ta
491 3621 607 3689 tentae
634 3615 761 3691 taetra
789 3639 901 3709 paeto
936 3623 1157 3709 operaturum
1177 3621 1295 3710 peret-
