2782 4290
175 396 219 462 96

175 578 210 648 in
244 577 341 669 cujus
372 574 485 646 medio
519 579 572 646 est
598 580 719 668 crypta
745 576 806 648 sub
834 587 900 646 uno
917 574 1057 683 lapide:
1091 575 1189 667 cujus

176 711 333 783 introitus
368 712 421 780 est
454 730 476 779 a
503 709 661 799 meridie,
692 711 799 781 exitus
827 729 909 780 vero
936 708 980 780 ad
1007 709 1186 798 orientem,

176 847 211 916 in
238 865 304 935 quo
331 842 521 914 ostenditur
547 843 811 933 praesepium
837 842 1001 913 Domini
1028 843 1072 913 ad
1100 843 1187 914 oeci-

177 979 315 1050 dentem
340 974 444 1066 ipsius
472 981 629 1066 cryptae3
658 977 751 1048 loeus
777 983 901 1066 autem,
930 976 964 1046 in
991 997 1059 1066 quo
1073 976 1190 1068 Domi-

177 1134 239 1183 nus
269 1110 390 1199 vagiit,
431 1115 483 1181 est
523 1109 565 1180 ad
594 1111 774 1200 orientem,
816 1111 942 1183 hahens
968 1111 1092 1201 altare,
1134 1111 1190 1183 uhi

179 1245 391 1318 celebrantur
418 1245 549 1314 missae.
605 1242 711 1315 Juxta
743 1245 828 1316 hane
860 1245 1036 1316 eeclesiam
1069 1250 1120 1315 est
1147 1245 1191 1315 ad

177 1378 351 1450 meridiem
380 1377 563 1449 ecelesia
590 1377 810 1449 beatorum
830 1378 1189 1468 martyruminno-

177 1512 365 1585 centium.
403 1511 564 1582 Milliario
594 1510 738 1600 denique
766 1532 832 1581 uno
862 1533 883 1581 a
911 1512 1113 1584 Bethlehem
1134 1518 1188 1583 est

177 1646 474 1718 monasterium
502 1652 692 1716 sanctorum
719 1649 951 1737 pastorum,
981 1647 1101 1737 quihus
1130 1667 1188 1716 an·
1221 1723 1224 1731 ,

8 1749 11 1753 ⁴
90 1872 93 1878 .
178 1780 274 1869 gelus
300 1780 333 1850 in
360 1780 535 1851 nativitate
563 1777 699 1849 Domini
727 1780 892 1868 apparuit.

188 1893 194 1909 ¹
261 1917 321 1986 17.
357 1912 413 1984 Ad
439 1919 649 2003 postremum
677 1911 775 1982 XXX
802 1913 998 1985 milliaribus
1025 1914 1069 1984 ab
1089 1915 1190 1988 Jeru-

179 2048 283 2121 salem
311 2051 365 2119 est
389 2047 413 2118 J
419 2046 591 2118 ordanis
619 2046 663 2117 ad
691 2046 867 2136 orientem,
898 2069 1000 2139 super
1015 2070 1117 2138 quem
1138 2056 1191 2121 est

179 2181 482 2254 monasterium
515 2179 654 2252 sancti
681 2179 879 2250 Johannis
905 2181 1097 2274 Baptistae.
1153 2186 1191 2254 ln

180 2317 300 2409 quibus
329 2336 461 2406 quoque
489 2314 573 2386 loeis
600 2313 706 2384 multa
733 2315 918 2386 consistunt
944 2319 1162 2389 monasteria.

265 2451 324 2522 18.
359 2448 425 2519 Est
461 2449 670 2538 interhaeo
705 2447 748 2518 ad
782 2447 1026 2521 occidentalem
1057 2452 1191 2542 plagam

181 2581 438 2671 Hierosolymae
491 2580 640 2653 civitatis
695 2581 848 2651 milliario
896 2604 962 2653 uno
1008 2586 1194 2658 eeclesia

181 2719 353 2787 sanctae
379 2713 613 2805 Mamillae,
649 2716 683 2784 in
713 2736 778 2805 qua
810 2720 888 2785 sunt
916 2717 1021 2788 multa
1047 2741 1189 2812 corpora

180 2853 376 2939 martyrum,
408 2847 474 2937 qui,
504 2869 524 2918 a
550 2848 736 2920 sarracenis
755 2847 933 2941 interfecti,
962 2852 1092 2943 abipsa
1113 2863 1188 2929 sunt

180 2984 225 3055 ihi
254 2983 435 3074 diligenter
463 2982 600 3088 conditi.

236 3121 295 3189 19.
331 3115 557 3188 Revertentes
597 3117 704 3205 igitur
743 3117 785 3188 ab
822 3116 1029 3211 Jerusalem,
1074 3133 1189 3199 sancta

180 3249 325 3341 civitate,
354 3251 504 3323 venimus
531 3249 575 3321 ad
601 3271 706 3342 mare,
736 3250 826 3339 quod
858 3253 1021 3327 intrantes
1051 3261 1189 3350 naviga·

179 3385 285 3458 vimus
319 3384 382 3456 LX
416 3384 486 3455 dies
522 3405 599 3455 eum
633 3385 786 3472 angustia
819 3386 918 3462 valde
946 3409 1087 3484 magna,
1124 3416 1189 3466 non

178 3519 341 3592 habentes
381 3524 518 3591 ventum
555 3540 723 3591 serenum.
780 3518 932 3611 Tandem
954 3530 1115 3598 exeuntes
1143 3528 1184 3599 de

177 3673 289 3742 mare,
334 3653 483 3725 venimus
519 3653 563 3724 ad
597 3658 781 3725 montem
813 3651 1012 3748 Aureum,
1050 3660 1107 3732 uhi
1136 3666 1188 3732 est
