2782 4290
1140 412 1203 478 10⁷
1298 394 1300 397 ’

275 593 329 664 De
355 593 489 665 Judaea
516 591 559 663 ad
581 590 762 662 Samariam
781 588 986 687 (sichem),
1018 573 1207 682 quaenuno

192 733 337 799 voratur
365 725 581 817 Neapolis,
610 729 689 796 sunt
704 726 774 795 XII
802 724 928 813 leucae,
952 729 987 797 et
1002 732 1202 818 amputem,

132 853 135 867 '
190 859 250 930 ubi
278 857 444 931 Dominus
471 858 672 949 loquebatur
703 879 777 928 cum
809 858 949 932 muliere
988 860 1203 932 samaritana.

189 991 238 1064 Et
276 992 323 1063 ibi
358 1000 410 1064 est
443 1013 554 1080 mone,
594 991 652 1062 ubi
691 991 796 1063 voluit
829 991 1003 1064 Abraham
1032 993 1204 1066 immolare

189 1148 288 1198 sunm
316 1124 430 1197 filium.
487 1125 520 1196 A
546 1124 623 1195 loeo
658 1124 716 1196 illo
744 1124 787 1195 ad
815 1124 1038 1197 Sebastam
1069 1129 1206 1202 suntll

187 1260 325 1348 leucae,
369 1258 425 1331 ubi
460 1262 596 1330 sanctus
629 1256 802 1330 lohannes
829 1259 986 1347 Baptista
1019 1227 1205 1334 deeollatus

190 1397 254 1483 est,
286 1396 323 1462 et
352 1391 461 1463 adhue
484 1390 596 1495 pulvis
624 1391 698 1484 ejus
725 1396 890 1463 servatur.

132 1542 137 1552 ·
269 1525 321 1595 Et
347 1524 426 1597 inde
454 1524 497 1595 ad
524 1525 557 1596 X
584 1523 698 1596 leucas
726 1529 780 1596 eet
807 1545 924 1597 mons
952 1525 1106 1617 Tabor,
1143 1529 1207 1604 ubi

190 1659 355 1730 Dominus
397 1657 653 1748 transfiguratus
700 1662 763 1731 est.
828 1657 877 1729 Et
913 1659 959 1730 ibi
1003 1680 1109 1753 prope
1150 1668 1203 1734 est

186 1813 303 1863 mons
345 1790 496 1864 Hermon
537 1788 850 1884 (Hermoniim),
892 1792 950 1864 ubi
993 1799 1043 1865 est
1086 1796 1203 1868 civitas

186 1924 325 2015 Nalm,
364 1926 419 1998 ubi
460 1926 622 1998 Dominus
663 1925 797 1997 unicum
831 1924 936 1997 filium
969 1928 1085 2000 matris
1119 1949 1199 2002 snae

184 2058 366 2131 suscitarit
392 2067 470 2133 ante
497 2065 642 2150 portam.
678 2056 806 2131 Contra
834 2058 1000 2132 orientem
1014 2067 1067 2133 est
1088 2083 1202 2135 mare

188 2191 429 2284 Galilaeae,
459 2194 516 2266 nbi
543 2192 709 2266 Dominus
737 2193 779 2265 de
813 2177 960 2283 quinque
995 2174 1136 2284 panibus
1168 2203 1203 2269 et

188 2324 321 2398 duobus
349 2327 494 2417 piscibus
511 2297 680 2400 saturavit
698 2327 730 2399 V
747 2327 852 2397 millia
866 2325 1047 2399 hominum.
1077 2326 1205 2402 Contra
1247 2407 1251 2411 ,

186 2460 404 2532 occidentem
424 2463 548 2534 *civitas
577 2465 629 2535 eet
658 2460 798 2550 egregia
824 2458 1056 2558 Nazareth,
1095 2470 1128 2535 et
1155 2465 1202 2537 ibi
1235 2501 1246 2516 ·

184 2595 390 2665 annunciata
423 2595 486 2667 fuit
521 2595 620 2669 beate
654 2594 751 2683 virgo
786 2614 848 2683 per
880 2594 1051 2687 angelum,
1089 2606 1123 2670 et
1156 2597 1202 2671 ibi

184 2724 250 2798 luit
279 2726 397 2800 domus
425 2728 510 2819 ejus.

269 2859 367 2932 Haec
395 2860 470 2933 loca
498 2866 534 2933 et
562 2862 629 2933 alia
647 2860 836 2934 afidelibus
863 2867 940 2934 eunt
954 2866 1200 2956 uene1·anda.†
