<?xml version="1.0" encoding="UTF-8"?>
<!DOCTYPE html PUBLIC "-//W3C//DTD XHTML 1.0 Transitional//EN"
    "http://www.w3.org/TR/xhtml1/DTD/xhtml1-transitional.dtd">
<html xmlns="http://www.w3.org/1999/xhtml" xml:lang="en" lang="en">
 <head>
  <title>
</title>
<meta http-equiv="Content-Type" content="text/html;charset=utf-8" />
  <meta name='ocr-system' content='tesseract 3.04.00' />
  <meta name='ocr-capabilities' content='ocr_page ocr_carea ocr_par ocr_line ocrx_word'/>
</head>
<body>
  <div class='ocr_page' id='page_1' title='image "./descriptioneste01toblgoog_0160.png"; bbox 0 0 2782 4290; ppageno 0'>
   <div class='ocr_carea' id='block_1_1' title="bbox 1060 391 1205 475">
    <p class='ocr_par' dir='ltr' id='par_1_1' title="bbox 1060 391 1205 475">
     <span class='ocr_line' id='line_1_1' title="bbox 1060 391 1205 475; baseline 0.007 -14"><span class='ocrx_word' id='word_1_1' title='bbox 1060 466 1064 475; x_wconf 66' lang='grc'><strong>,</strong></span> <span class='ocrx_word' id='word_1_2' title='bbox 1141 391 1205 462; x_wconf 73' lang='grc'>153</span> 
     </span>
    </p>
   </div>
   <div class='ocr_carea' id='block_1_2' title="bbox 155 575 1208 805">
    <p class='ocr_par' dir='ltr' id='par_1_2' title="bbox 155 575 1208 805">
     <span class='ocr_line' id='line_1_2' title="bbox 278 575 1208 668; baseline -0.002 -18"><span class='ocrx_word' id='word_1_3' title='bbox 278 578 410 650; x_wconf 82' lang='lat' dir='ltr'>Eodem</span> <span class='ocrx_word' id='word_1_4' title='bbox 452 596 585 668; x_wconf 89' lang='lat' dir='ltr'>qnoque</span> <span class='ocrx_word' id='word_1_5' title='bbox 623 575 696 665; x_wconf 83' lang='lat' dir='ltr'>die,</span> <span class='ocrx_word' id='word_1_6' title='bbox 736 577 770 648; x_wconf 91' lang='lat' dir='ltr'>in</span> <span class='ocrx_word' id='word_1_7' title='bbox 812 575 931 648; x_wconf 92' lang='lat' dir='ltr'>eodem</span> <span class='ocrx_word' id='word_1_8' title='bbox 956 597 1089 666; x_wconf 87' lang='lat' dir='ltr'>mense,</span> <span class='ocrx_word' id='word_1_9' title='bbox 1128 576 1208 648; x_wconf 89' lang='lat' dir='ltr'>licet</span> 
     </span>
     <span class='ocr_line' id='line_1_3' title="bbox 155 686 1208 805; baseline -0.003 -20"><span class='ocrx_word' id='word_1_10' title='bbox 155 686 169 717; x_wconf 77' lang='lat'><em>&#39;</em></span> <span class='ocrx_word' id='word_1_11' title='bbox 193 714 298 803; x_wconf 90' lang='lat' dir='ltr'>longe</span> <span class='ocrx_word' id='word_1_12' title='bbox 322 714 395 805; x_wconf 90' lang='lat' dir='ltr'>jam</span> <span class='ocrx_word' id='word_1_13' title='bbox 421 711 582 783; x_wconf 80' lang='lat' dir='ltr'>anteriori</span> <span class='ocrx_word' id='word_1_14' title='bbox 609 714 774 801; x_wconf 88' lang='lat' dir='ltr'>tempore,</span> <span class='ocrx_word' id='word_1_15' title='bbox 806 731 882 781; x_wconf 90' lang='lat' dir='ltr'>cum</span> <span class='ocrx_word' id='word_1_16' title='bbox 905 711 1126 803; x_wconf 90' lang='lat' dir='ltr'>jamdudum</span> <span class='ocrx_word' id='word_1_17' title='bbox 1153 731 1208 782; x_wconf 90' lang='lat' dir='ltr'>ea·</span> 
     </span>
    </p>
   </div>
   <div class='ocr_carea' id='block_1_3' title="bbox 186 843 1209 3740">
    <p class='ocr_par' dir='ltr' id='par_1_3' title="bbox 186 843 1209 2670">
     <span class='ocr_line' id='line_1_4' title="bbox 192 843 1209 919; baseline -0.005 0"><span class='ocrx_word' id='word_1_18' title='bbox 192 847 273 919; x_wconf 92' lang='lat' dir='ltr'>dem</span> <span class='ocrx_word' id='word_1_19' title='bbox 301 845 420 916; x_wconf 87' lang='lat' dir='ltr'>civitas</span> <span class='ocrx_word' id='word_1_20' title='bbox 448 849 563 916; x_wconf 86' lang='lat' dir='ltr'>sancta</span> <span class='ocrx_word' id='word_1_21' title='bbox 589 844 650 915; x_wconf 94' lang='lat' dir='ltr'>snb</span> <span class='ocrx_word' id='word_1_22' title='bbox 679 843 852 915; x_wconf 89' lang='lat' dir='ltr'>dominatu</span> <span class='ocrx_word' id='word_1_23' title='bbox 879 863 1132 916; x_wconf 83' lang='lat' dir='ltr'>sarracenorum</span> <span class='ocrx_word' id='word_1_24' title='bbox 1160 843 1209 914; x_wconf 96' lang='lat' dir='ltr'>di-</span> 
     </span>
     <span class='ocr_line' id='line_1_5' title="bbox 190 977 1208 1068; baseline -0.005 -16"><span class='ocrx_word' id='word_1_25' title='bbox 190 999 368 1052; x_wconf 88' lang='lat' dir='ltr'>versorum</span> <span class='ocrx_word' id='word_1_26' title='bbox 403 997 568 1066; x_wconf 79' lang='lat' dir='ltr'>generum</span> <span class='ocrx_word' id='word_1_27' title='bbox 602 977 815 1049; x_wconf 78' lang='lat' dir='ltr'>detineretur</span> <span class='ocrx_word' id='word_1_28' title='bbox 849 979 1001 1068; x_wconf 87' lang='lat' dir='ltr'>captiva,</span> <span class='ocrx_word' id='word_1_29' title='bbox 1041 977 1084 1048; x_wconf 89' lang='lat' dir='ltr'>ab</span> <span class='ocrx_word' id='word_1_30' title='bbox 1113 997 1208 1048; x_wconf 86' lang='lat' dir='ltr'>exer·</span> 
     </span>
     <span class='ocr_line' id='line_1_6' title="bbox 191 1109 1208 1206; baseline -0.002 -23"><span class='ocrx_word' id='word_1_31' title='bbox 191 1114 266 1184; x_wconf 90' lang='lat' dir='ltr'>citu</span> <span class='ocrx_word' id='word_1_32' title='bbox 295 1110 552 1183; x_wconf 90' lang='lat' dir='ltr'>christianorum</span> <span class='ocrx_word' id='word_1_33' title='bbox 581 1115 631 1182; x_wconf 91' lang='lat' dir='ltr'>est</span> <span class='ocrx_word' id='word_1_34' title='bbox 658 1109 816 1206; x_wconf 85' lang='lat' dir='ltr'>liberata,</span> <span class='ocrx_word' id='word_1_35' title='bbox 845 1112 888 1183; x_wconf 91' lang='lat' dir='ltr'>ad</span> <span class='ocrx_word' id='word_1_36' title='bbox 917 1111 1012 1203; x_wconf 87' lang='lat' dir='ltr'>cujus</span> <span class='ocrx_word' id='word_1_37' title='bbox 1037 1110 1208 1182; x_wconf 87' lang='lat' dir='ltr'>liberatio-</span> 
     </span>
     <span class='ocr_line' id='line_1_7' title="bbox 191 1220 1209 1334; baseline -0.001 -17"><span class='ocrx_word' id='word_1_38' title='bbox 191 1246 246 1317; x_wconf 87' lang='lat' dir='ltr'>nis</span> <span class='ocrx_word' id='word_1_39' title='bbox 281 1220 639 1316; x_wconf 81' lang='lat' dir='ltr'>commemorationem</span> <span class='ocrx_word' id='word_1_40' title='bbox 673 1243 816 1315; x_wconf 90' lang='lat' dir='ltr'>eundem</span> <span class='ocrx_word' id='word_1_41' title='bbox 844 1244 933 1315; x_wconf 92' lang='lat' dir='ltr'>diem</span> <span class='ocrx_word' id='word_1_42' title='bbox 959 1248 1039 1334; x_wconf 90' lang='lat' dir='ltr'>post</span> <span class='ocrx_word' id='word_1_43' title='bbox 1068 1263 1209 1316; x_wconf 89' lang='lat' dir='ltr'>conse·</span> 
     </span>
     <span class='ocr_line' id='line_1_8' title="bbox 191 1375 1207 1469; baseline -0.003 -18"><span class='ocrx_word' id='word_1_44' title='bbox 191 1377 403 1451; x_wconf 84' lang='lat' dir='ltr'>orationis</span> <span class='ocrx_word' id='word_1_45' title='bbox 437 1378 761 1455; x_wconf 85' lang='lat' dir='ltr'>renovationem</span> <span class='ocrx_word' id='word_1_46' title='bbox 797 1398 871 1448; x_wconf 88' lang='lat' dir='ltr'>cum</span> <span class='ocrx_word' id='word_1_47' title='bbox 905 1377 1070 1469; x_wconf 86' lang='lat' dir='ltr'>spirituali</span> <span class='ocrx_word' id='word_1_48' title='bbox 1096 1375 1207 1449; x_wconf 86' lang='lat' dir='ltr'>officio</span> 
     </span>
     <span class='ocr_line' id='line_1_9' title="bbox 187 1510 1208 1602; baseline 0.001 -20"><span class='ocrx_word' id='word_1_49' title='bbox 187 1510 338 1584; x_wconf 89' lang='lat' dir='ltr'>reddunt</span> <span class='ocrx_word' id='word_1_50' title='bbox 385 1511 553 1584; x_wconf 82' lang='lat' dir='ltr'>celebrem</span> <span class='ocrx_word' id='word_1_51' title='bbox 608 1512 642 1582; x_wconf 93' lang='lat' dir='ltr'>in</span> <span class='ocrx_word' id='word_1_52' title='bbox 688 1512 795 1602; x_wconf 83' lang='lat' dir='ltr'>priori</span> <span class='ocrx_word' id='word_1_53' title='bbox 836 1511 936 1583; x_wconf 90' lang='lat' dir='ltr'>missa</span> <span class='ocrx_word' id='word_1_54' title='bbox 977 1511 1208 1584; x_wconf 84' lang='lat' dir='ltr'>decantando:</span> 
     </span>
     <span class='ocr_line' id='line_1_10' title="bbox 189 1641 1209 1737; baseline 0.003 -23"><span class='ocrx_word' id='word_1_55' title='bbox 189 1641 355 1735; x_wconf 81' lang='lat' dir='ltr'>Laetare,</span> <span class='ocrx_word' id='word_1_56' title='bbox 390 1643 587 1717; x_wconf 81' lang='lat' dir='ltr'>Jerusalem</span> <span class='ocrx_word' id='word_1_57' title='bbox 594 1669 608 1734; x_wconf 86' lang='lat'>,·</span> <span class='ocrx_word' id='word_1_58' title='bbox 643 1646 808 1737; x_wconf 88' lang='lat' dir='ltr'>majorem</span> <span class='ocrx_word' id='word_1_59' title='bbox 842 1666 924 1717; x_wconf 87' lang='lat' dir='ltr'>vero</span> <span class='ocrx_word' id='word_1_60' title='bbox 956 1646 1089 1717; x_wconf 86' lang='lat' dir='ltr'>missam</span> <span class='ocrx_word' id='word_1_61' title='bbox 1122 1646 1209 1718; x_wconf 90' lang='lat' dir='ltr'>cele-</span> 
     </span>
     <span class='ocr_line' id='line_1_11' title="bbox 190 1776 1209 1851; baseline 0.002 -2"><span class='ocrx_word' id='word_1_62' title='bbox 190 1778 295 1850; x_wconf 89' lang='lat' dir='ltr'>brant</span> <span class='ocrx_word' id='word_1_63' title='bbox 332 1776 375 1848; x_wconf 90' lang='lat' dir='ltr'>de</span> <span class='ocrx_word' id='word_1_64' title='bbox 410 1778 636 1851; x_wconf 89' lang='lat' dir='ltr'>dedicatione:</span> <span class='ocrx_word' id='word_1_65' title='bbox 682 1777 860 1850; x_wconf 80' lang='lat' dir='ltr'>Terribilis</span> <span class='ocrx_word' id='word_1_66' title='bbox 887 1784 937 1850; x_wconf 84' lang='lat' dir='ltr'>est</span> <span class='ocrx_word' id='word_1_67' title='bbox 963 1779 1067 1851; x_wconf 82' lang='lat' dir='ltr'>loeas.</span> <span class='ocrx_word' id='word_1_68' title='bbox 1123 1779 1209 1851; x_wconf 92' lang='lat' dir='ltr'>Nam</span> 
     </span>
     <span class='ocr_line' id='line_1_12' title="bbox 189 1911 1209 2002; baseline -0.001 -17"><span class='ocrx_word' id='word_1_69' title='bbox 189 1911 313 1985; x_wconf 91' lang='lat' dir='ltr'>eodem</span> <span class='ocrx_word' id='word_1_70' title='bbox 342 1911 396 1983; x_wconf 92' lang='lat' dir='ltr'>die</span> <span class='ocrx_word' id='word_1_71' title='bbox 426 1917 570 2002; x_wconf 88' lang='lat' dir='ltr'>quatuor</span> <span class='ocrx_word' id='word_1_72' title='bbox 597 1913 701 1983; x_wconf 89' lang='lat' dir='ltr'>etiam</span> <span class='ocrx_word' id='word_1_73' title='bbox 728 1912 851 1983; x_wconf 86' lang='lat' dir='ltr'>altaria</span> <span class='ocrx_word' id='word_1_74' title='bbox 876 1912 911 1983; x_wconf 93' lang='lat' dir='ltr'>in</span> <span class='ocrx_word' id='word_1_75' title='bbox 932 1912 1051 1986; x_wconf 91' lang='lat' dir='ltr'>eadem</span> <span class='ocrx_word' id='word_1_76' title='bbox 1067 1913 1209 1985; x_wconf 81' lang='lat' dir='ltr'>ecclesia</span> 
     </span>
     <span class='ocr_line' id='line_1_13' title="bbox 187 2045 1208 2137; baseline -0.001 -19"><span class='ocrx_word' id='word_1_77' title='bbox 187 2049 269 2118; x_wconf 88' lang='lat' dir='ltr'>sunt</span> <span class='ocrx_word' id='word_1_78' title='bbox 298 2051 507 2136; x_wconf 85' lang='lat' dir='ltr'>consecrata,</span> <span class='ocrx_word' id='word_1_79' title='bbox 536 2045 681 2136; x_wconf 88' lang='lat' dir='ltr'>scilicet,</span> <span class='ocrx_word' id='word_1_80' title='bbox 709 2045 847 2117; x_wconf 87' lang='lat' dir='ltr'>altare</span> <span class='ocrx_word' id='word_1_81' title='bbox 881 2046 1012 2137; x_wconf 88' lang='lat' dir='ltr'>majus</span> <span class='ocrx_word' id='word_1_82' title='bbox 1046 2049 1088 2116; x_wconf 89' lang='lat' dir='ltr'>et</span> <span class='ocrx_word' id='word_1_83' title='bbox 1125 2045 1208 2117; x_wconf 93' lang='lat' dir='ltr'>illud</span> 
     </span>
     <span class='ocr_line' id='line_1_14' title="bbox 186 2177 1205 2271; baseline -0.002 -19"><span class='ocrx_word' id='word_1_84' title='bbox 186 2177 344 2271; x_wconf 87' lang='lat' dir='ltr'>superius</span> <span class='ocrx_word' id='word_1_85' title='bbox 377 2178 418 2249; x_wconf 92' lang='lat' dir='ltr'>in</span> <span class='ocrx_word' id='word_1_86' title='bbox 448 2177 649 2251; x_wconf 81' lang='lat' dir='ltr'>Calvaria</span> <span class='ocrx_word' id='word_1_87' title='bbox 677 2186 712 2252; x_wconf 90' lang='lat' dir='ltr'>et</span> <span class='ocrx_word' id='word_1_88' title='bbox 741 2179 808 2251; x_wconf 89' lang='lat' dir='ltr'>duo</span> <span class='ocrx_word' id='word_1_89' title='bbox 836 2180 870 2249; x_wconf 91' lang='lat' dir='ltr'>in</span> <span class='ocrx_word' id='word_1_90' title='bbox 898 2178 1006 2250; x_wconf 89' lang='lat' dir='ltr'>latere</span> <span class='ocrx_word' id='word_1_91' title='bbox 1042 2179 1205 2251; x_wconf 89' lang='lat' dir='ltr'>ecclesiae</span> 
     </span>
     <span class='ocr_line' id='line_1_15' title="bbox 190 2311 1207 2404; baseline -0.003 -19"><span class='ocrx_word' id='word_1_92' title='bbox 190 2333 235 2385; x_wconf 86' lang='lat' dir='ltr'>ex</span> <span class='ocrx_word' id='word_1_93' title='bbox 272 2311 429 2403; x_wconf 89' lang='lat' dir='ltr'>opposita</span> <span class='ocrx_word' id='word_1_94' title='bbox 469 2317 584 2404; x_wconf 87' lang='lat' dir='ltr'>parte,</span> <span class='ocrx_word' id='word_1_95' title='bbox 631 2335 733 2385; x_wconf 89' lang='lat' dir='ltr'>unum</span> <span class='ocrx_word' id='word_1_96' title='bbox 777 2311 935 2384; x_wconf 89' lang='lat' dir='ltr'>videlicet</span> <span class='ocrx_word' id='word_1_97' title='bbox 972 2313 1008 2382; x_wconf 93' lang='lat' dir='ltr'>in</span> <span class='ocrx_word' id='word_1_98' title='bbox 1045 2314 1207 2385; x_wconf 90' lang='lat' dir='ltr'>honorem</span> 
     </span>
     <span class='ocr_line' id='line_1_16' title="bbox 188 2442 1209 2519; baseline 0 -1"><span class='ocrx_word' id='word_1_99' title='bbox 188 2445 331 2518; x_wconf 85' lang='lat' dir='ltr'>sancti</span> <span class='ocrx_word' id='word_1_100' title='bbox 358 2442 480 2516; x_wconf 90' lang='lat' dir='ltr'>Petri</span> <span class='ocrx_word' id='word_1_101' title='bbox 508 2451 550 2518; x_wconf 91' lang='lat' dir='ltr'>et</span> <span class='ocrx_word' id='word_1_102' title='bbox 577 2447 671 2518; x_wconf 89' lang='lat' dir='ltr'>aliud</span> <span class='ocrx_word' id='word_1_103' title='bbox 697 2448 732 2519; x_wconf 91' lang='lat' dir='ltr'>in</span> <span class='ocrx_word' id='word_1_104' title='bbox 760 2447 924 2519; x_wconf 90' lang='lat' dir='ltr'>honorem</span> <span class='ocrx_word' id='word_1_105' title='bbox 957 2446 1094 2519; x_wconf 86' lang='lat' dir='ltr'>sancti</span> <span class='ocrx_word' id='word_1_106' title='bbox 1121 2444 1209 2518; x_wconf 84' lang='lat' dir='ltr'>Ste-</span> 
     </span>
     <span class='ocr_line' id='line_1_17' title="bbox 186 2577 618 2670; baseline -0.005 -20"><span class='ocrx_word' id='word_1_107' title='bbox 186 2577 318 2670; x_wconf 87' lang='lat' dir='ltr'>phani</span> <span class='ocrx_word' id='word_1_108' title='bbox 346 2579 618 2669; x_wconf 87' lang='lat' dir='ltr'>protomartyris.</span> 
     </span>
    </p>

    <p class='ocr_par' dir='ltr' id='par_1_4' title="bbox 188 2710 1209 3740">
     <span class='ocr_line' id='line_1_18' title="bbox 272 2710 1207 2801; baseline 0.007 -21"><span class='ocrx_word' id='word_1_109' title='bbox 272 2710 312 2782; x_wconf 93' lang='lat' dir='ltr'>ln</span> <span class='ocrx_word' id='word_1_110' title='bbox 339 2713 497 2801; x_wconf 87' lang='lat' dir='ltr'>sequenti</span> <span class='ocrx_word' id='word_1_111' title='bbox 525 2713 579 2785; x_wconf 88' lang='lat' dir='ltr'>die</span> <span class='ocrx_word' id='word_1_112' title='bbox 606 2712 791 2786; x_wconf 91' lang='lat' dir='ltr'>solemnem</span> <span class='ocrx_word' id='word_1_113' title='bbox 819 2713 947 2785; x_wconf 88' lang='lat' dir='ltr'>faciunt</span> <span class='ocrx_word' id='word_1_114' title='bbox 966 2719 1035 2786; x_wconf 68' lang='lat' dir='ltr'>mm</span> <span class='ocrx_word' id='word_1_115' title='bbox 1061 2715 1096 2786; x_wconf 93' lang='lat' dir='ltr'>in</span> <span class='ocrx_word' id='word_1_116' title='bbox 1117 2715 1207 2787; x_wconf 88' lang='lat' dir='ltr'>elee-</span> 
     </span>
     <span class='ocr_line' id='line_1_19' title="bbox 189 2845 1209 2936; baseline 0.002 -19"><span class='ocrx_word' id='word_1_117' title='bbox 189 2845 357 2936; x_wconf 88' lang='lat' dir='ltr'>mosynis,</span> <span class='ocrx_word' id='word_1_118' title='bbox 402 2866 500 2936; x_wconf 88' lang='lat' dir='ltr'>quam</span> <span class='ocrx_word' id='word_1_119' title='bbox 533 2848 569 2917; x_wconf 91' lang='lat' dir='ltr'>in</span> <span class='ocrx_word' id='word_1_120' title='bbox 609 2845 818 2918; x_wconf 88' lang='lat' dir='ltr'>orationibus</span> <span class='ocrx_word' id='word_1_121' title='bbox 856 2849 1209 2920; x_wconf 89' lang='lat' dir='ltr'>commemorationem</span> 
     </span>
     <span class='ocr_line' id='line_1_20' title="bbox 190 2977 1208 3071; baseline 0.003 -21"><span class='ocrx_word' id='word_1_122' title='bbox 190 2977 341 3050; x_wconf 91' lang='lat' dir='ltr'>omnium</span> <span class='ocrx_word' id='word_1_123' title='bbox 368 2978 520 3051; x_wconf 88' lang='lat' dir='ltr'>fidelium</span> <span class='ocrx_word' id='word_1_124' title='bbox 546 2979 800 3071; x_wconf 85' lang='lat' dir='ltr'>defunctorum,</span> <span class='ocrx_word' id='word_1_125' title='bbox 829 2981 1015 3071; x_wconf 82' lang='lat' dir='ltr'>praecipue</span> <span class='ocrx_word' id='word_1_126' title='bbox 1036 2983 1208 3055; x_wconf 87' lang='lat' dir='ltr'>occasione</span> 
     </span>
     <span class='ocr_line' id='line_1_21' title="bbox 188 3111 1208 3204; baseline 0.004 -21"><span class='ocrx_word' id='word_1_127' title='bbox 188 3111 499 3202; x_wconf 84' lang='lat' dir='ltr'>inexpugnatione</span> <span class='ocrx_word' id='word_1_128' title='bbox 532 3114 626 3185; x_wconf 89' lang='lat' dir='ltr'>urbis</span> <span class='ocrx_word' id='word_1_129' title='bbox 660 3115 861 3202; x_wconf 88' lang='lat' dir='ltr'>occisorum,</span> <span class='ocrx_word' id='word_1_130' title='bbox 897 3133 1039 3204; x_wconf 91' lang='lat' dir='ltr'>quorum</span> <span class='ocrx_word' id='word_1_131' title='bbox 1064 3115 1208 3187; x_wconf 88' lang='lat' dir='ltr'>maxime</span> 
     </span>
     <span class='ocr_line' id='line_1_22' title="bbox 189 3244 1205 3336; baseline 0.001 -21"><span class='ocrx_word' id='word_1_132' title='bbox 189 3244 365 3335; x_wconf 90' lang='lat' dir='ltr'>sepultura</span> <span class='ocrx_word' id='word_1_133' title='bbox 399 3244 488 3335; x_wconf 90' lang='lat' dir='ltr'>apud</span> <span class='ocrx_word' id='word_1_134' title='bbox 520 3252 655 3336; x_wconf 90' lang='lat' dir='ltr'>portam</span> <span class='ocrx_word' id='word_1_135' title='bbox 696 3267 833 3319; x_wconf 87' lang='lat' dir='ltr'>auream</span> <span class='ocrx_word' id='word_1_136' title='bbox 877 3248 1021 3320; x_wconf 84' lang='lat' dir='ltr'>celebris</span> <span class='ocrx_word' id='word_1_137' title='bbox 1049 3249 1205 3321; x_wconf 89' lang='lat' dir='ltr'>habetur.</span> 
     </span>
     <span class='ocr_line' id='line_1_23' title="bbox 190 3376 1206 3452; baseline 0.004 -4"><span class='ocrx_word' id='word_1_138' title='bbox 190 3378 229 3448; x_wconf 92' lang='lat' dir='ltr'>In</span> <span class='ocrx_word' id='word_1_139' title='bbox 257 3376 367 3449; x_wconf 88' lang='lat' dir='ltr'>tertio</span> <span class='ocrx_word' id='word_1_140' title='bbox 396 3377 450 3450; x_wconf 92' lang='lat' dir='ltr'>die</span> <span class='ocrx_word' id='word_1_141' title='bbox 478 3379 743 3452; x_wconf 82' lang='lat' dir='ltr'>anniversarium</span> <span class='ocrx_word' id='word_1_142' title='bbox 771 3380 863 3452; x_wconf 89' lang='lat' dir='ltr'>ducis</span> <span class='ocrx_word' id='word_1_143' title='bbox 890 3380 997 3452; x_wconf 83' lang='lat' dir='ltr'>felicis</span> <span class='ocrx_word' id='word_1_144' title='bbox 1024 3380 1206 3452; x_wconf 88' lang='lat' dir='ltr'>memoriae</span> 
     </span>
     <span class='ocr_line' id='line_1_24' title="bbox 191 3509 1209 3604; baseline 0.002 -22"><span class='ocrx_word' id='word_1_145' title='bbox 191 3515 227 3582; x_wconf 90' lang='lat' dir='ltr'>et</span> <span class='ocrx_word' id='word_1_146' title='bbox 271 3510 404 3600; x_wconf 88' lang='lat' dir='ltr'>egregii</span> <span class='ocrx_word' id='word_1_147' title='bbox 441 3509 626 3604; x_wconf 83' lang='lat' dir='ltr'>Gotefiidi,</span> <span class='ocrx_word' id='word_1_148' title='bbox 669 3513 758 3586; x_wconf 87' lang='lat' dir='ltr'>illins</span> <span class='ocrx_word' id='word_1_149' title='bbox 806 3518 946 3584; x_wconf 89' lang='lat' dir='ltr'>sanotae</span> <span class='ocrx_word' id='word_1_150' title='bbox 989 3511 1209 3603; x_wconf 84' lang='lat' dir='ltr'>expeditionis</span> 
     </span>
     <span class='ocr_line' id='line_1_25' title="bbox 191 3643 1204 3740; baseline 0.003 -25"><span class='ocrx_word' id='word_1_151' title='bbox 191 3643 351 3734; x_wconf 89' lang='lat' dir='ltr'>principis</span> <span class='ocrx_word' id='word_1_152' title='bbox 385 3649 423 3716; x_wconf 90' lang='lat' dir='ltr'>et</span> <span class='ocrx_word' id='word_1_153' title='bbox 454 3645 624 3738; x_wconf 84' lang='lat' dir='ltr'>magistri,</span> <span class='ocrx_word' id='word_1_154' title='bbox 661 3647 765 3740; x_wconf 84' lang='lat' dir='ltr'>stirpe</span> <span class='ocrx_word' id='word_1_155' title='bbox 799 3647 1028 3720; x_wconf 85' lang='lat' dir='ltr'>alemanorum</span> <span class='ocrx_word' id='word_1_156' title='bbox 1063 3644 1204 3738; x_wconf 92' lang='lat' dir='ltr'>o1iundi,</span> 
     </span>
    </p>
   </div>
   <div class='ocr_carea' id='block_1_4' title="bbox 0 0 1396 4290">
    <p class='ocr_par' dir='ltr' id='par_1_5' title="bbox 0 0 1396 4290">
     <span class='ocr_line' id='line_1_26' title="bbox 0 0 1396 4290; baseline 0 0"><span class='ocrx_word' id='word_1_157' title='bbox 0 0 1396 4290; x_wconf 95' lang='lat' dir='ltr'> </span> 
     </span>
    </p>
   </div>
  </div>
 </body>
</html>
