2782 4290
1066 355 1109 420 53

95 547 177 620 quas
210 527 284 617 ipse
317 529 423 600 solers
458 532 494 599 et
527 529 693 620 sopbyrus
725 537 824 604 vasta
855 555 917 624 per
952 555 1033 604 rura
1059 535 1107 605 ri-

92 660 217 731 mando
240 660 448 752 explorabat,
479 666 531 733 ast
543 662 687 751 illorum,
716 665 810 734 acted
837 686 989 738 nonnam
1004 688 1108 741 vene·

91 794 221 865 rendae
248 793 353 883 vitae,
382 796 672 867 conversationem
700 797 734 868 in
761 803 867 870 semet
893 800 966 889 ipso
994 805 1108 872 osten-

92 927 204 998 dendo
246 928 438 1001 exercebat.
494 928 544 999 Et
580 950 656 1001 cum
693 931 807 1020 paucis
842 931 951 1003 adhuc
979 933 1104 1004 ibidem

90 1063 257 1153 operariis
296 1062 402 1134 latum
436 1065 538 1154 etque
578 1062 760 1152 spatiosum
800 1063 933 1135 divinae
980 1066 1105 1154 segetis

90 1215 256 1290 eampum,
284 1214 384 1266 sacra
410 1195 544 1286 superni
578 1195 675 1266 verbi
709 1201 782 1268 seta
809 1198 970 1288 serendo,
999 1220 1104 1291 usque

89 1327 134 1400 ad
173 1348 317 1400 messem
353 1327 571 1420 perducebat.
628 1328 677 1399 Et
714 1331 801 1401 sicut
840 1351 921 1422 apes
954 1332 1102 1422 pruden-
1200 1428 1201 1432 Ἴ

90 1462 258 1551 tissimae,
299 1482 386 1554 quae
418 1482 483 1551 per
514 1483 684 1553 purpurea
716 1463 879 1537 violarmn
907 1465 1034 1537 virecta
1068 1468 1105 1537 et

88 1615 153 1686 per
179 1593 290 1681 fulvos
317 1593 487 1666 frondium
521 1582 676 1666 flosculos
704 1602 740 1668 et
765 1617 829 1686 per
857 1597 945 1669 olida
976 1598 1105 1669 olemm

89 1726 212 1810 florida
249 1728 389 1799 letalem
432 1728 597 1818 liquantes
637 1730 779 1801 toxicam
814 1735 848 1801 et
875 1730 1106 1802 suavissimum

89 1861 266 1934 sorbentes
292 1882 427 1933 succum
453 1862 617 1951 nectaris,
647 1866 683 1934 et
711 1865 760 1934 sic
790 1864 944 1935 cruribus
971 1867 1006 1934 et
1033 1866 1105 1932 toto

91 2015 235 2086 corpore
247 1995 397 2067 refertae
415 1993 457 2065 ad
479 1994 629 2065 alvearia
649 1995 813 2084 gestando
826 1998 1027 2086 properant:
1053 1995 1102 2064 sio

93 2133 130 2198 et
157 2127 216 2199 ille
232 2128 349 2200 beatus
368 2127 512 2204 barilion
533 2126 747 2200 Willibaldus
774 2129 809 2198 in
826 2129 988 2236 omnibus,
1018 2146 1104 2215 quae

90 2263 162 2333 late
189 2261 364 2334 lustrando
391 2261 540 2351 propriis
567 2262 728 2334 cernebat
753 2260 949 2358 luminibus,
979 2259 1105 2349 optima

90 2394 248 2483 eligendo
274 2394 459 2486 arripiebat
487 2393 747 2485 arripiendoque
770 2394 924 2466 omnibus
937 2394 1000 2467 sibi
1028 2395 1105 2466 sub·

90 2528 238 2600 ditonum
264 2526 488 2618 phalangibus
521 2534 634 2599 rectae
664 2529 931 2601 conversationis
958 2527 1104 2599 studium

88 2636 361 2752 benevivendo,
390 2662 424 2732 in
452 2662 571 2753 verbo,
599 2662 635 2732 in
662 2662 824 2733 vitiomm
851 2661 1044 2750 obstaculis,
1067 2661 1100 2728 in

87 2794 230 2886 pietate,
270 2793 510 2886 inpatientia,
546 2795 581 2865 in
619 2793 828 2867 abstinentia
867 2793 999 2884 peritus
1026 2814 1106 2883 pro·

87 2912 193 2999 latam
228 2926 418 3016 praebebat
444 2947 607 2998 normam.

85 3240 227 3309 XXXIX.
260 3239 405 3326 Undique
428 3239 469 3307 ad
488 3241 668 3323 apostolum
691 3239 909 3324 bajoariorum
932 3240 1103 3309 confluunt.

166 3457 235 3530 Ast
263 3456 334 3531 cito
362 3461 542 3550 postquam
555 3459 613 3532 ille
627 3462 785 3532 strenuus
805 3458 884 3531 almi
899 3457 964 3530 Dei
980 3455 1108 3529 athleta

85 3590 361 3666 monasterialem
393 3591 574 3666 mansionis
612 3592 726 3666 locum
760 3592 948 3666 inhabitare
982 3587 1106 3678 coepit
