2782 4290
278 425 318 502 ll

275 618 421 691 animum
454 634 647 707 provocare
679 621 818 688 cenatus
852 623 912 696 est.
969 617 1094 708 Sitque
1129 616 1282 708 tandem,

276 752 517 843 omnipotentis
542 749 610 822 Dei
642 751 780 842 auxilio,
822 753 971 841 petentis
1006 757 1042 822 et
1068 751 1283 842 provocantis

142 963 145 972 ,
274 885 502 959 invalescebat
529 884 701 975 voluntas,
741 885 805 974 ita,
846 891 884 956 ut
916 885 975 957 ille
1010 906 1088 956 suus
1123 890 1223 975 pater
1249 891 1285 957 et

275 1019 380 1092 irater
406 1017 637 1090 wunebaldus
664 1017 707 1088 ad
735 1023 885 1109 optatam
913 1023 950 1090 et
977 1019 1149 1090 hertatam
1168 1039 1206 1089 se
1233 1019 1284 1089 in-

274 1152 399 1226 choare
426 1156 553 1223 metam
579 1151 832 1241 pollicerentur.

274 1510 361 1601 Vlll.
381 1511 425 1578 lle
448 1511 595 1578 transitu
611 1509 802 1592 willibaldi,
826 1512 889 1578 iter
908 1509 950 1576 ad
970 1509 1113 1577 Romam:
1136 1511 1285 1581 Hamalea

275 1617 404 1699 Mutia,
429 1617 565 1702 Sigana.
588 1617 720 1698 Ratun,
745 1616 989 1698 Gnathoniaum,
1011 1617 1110 1695 Luna,
1143 1635 1169 1682 a.
1194 1619 1284 1686 Petri

704 1722 848 1790 banllina.

355 1938 437 2014 Post
463 1942 545 2014 haee
571 1943 686 2032 itaque
709 1963 795 2031 cum,
824 1946 1014 2031 temporum
1041 1942 1220 2014 intervallo
1250 1951 1285 2015 et

172 2058 175 2065 ’
277 2096 439 2149 annornm
466 2080 630 2164 vergente
658 2076 820 2147 curriculo
832 2075 965 2163 aetatis,
992 2075 1065 2166 jam
1092 2076 1284 2149 immineret

277 2206 421 2301 tempus,
449 2214 547 2301 pater
573 2230 652 2282 suus
667 2214 702 2281 et
720 2207 828 2280 irater
843 2207 979 2278 coelebs
993 2208 1284 2298 praedestinatum

278 2349 315 2415 et
359 2343 555 2434 adoptatnm
600 2342 847 2414 inchoaverunt
891 2341 966 2412 iter.
1040 2341 1091 2410 Et
1137 2363 1285 2432 congrue
1373 2313 1375 2317 Ι

277 2477 415 2547 aestatis
441 2481 594 2567 tempore
626 2475 774 2565 prompti
801 2493 841 2544 aa
869 2475 995 2565 parati,
1026 2477 1142 2546 sumtis
1174 2497 1286 2548 seeum

278 2609 371 2679 vitae
399 2607 581 2697 stipendia,
611 2627 686 2679 cuni
705 2606 910 2694 collegarum
931 2612 1030 2679 coetu
1057 2610 1286 2680 comitantium

245 2757 248 2764 ·
282 2741 325 2812 ad
351 2740 429 2813 loca
456 2746 622 2812 venerunt·
647 2741 822 2830 destinata,
859 2760 945 2829 quae
958 2742 1069 2830 prisce
1086 2741 1285 2814 dicebantur

277 2872 443 2945 vacabulo
470 2870 640 2945 Hamelen
653 2872 791 2963 Malta,
817 2874 914 2964 juxta
929 2874 1011 2946 illud
1023 2877 1283 2968 mercimonium,

278 3008 368 3099 quod
406 3006 525 3079 dicitur
551 3005 724 3082 Hamwila
760 3007 825 3087 ,Et
862 3029 928 3080 nen
966 3009 1075 3080 multa
1110 2984 1289 3082 transacta

132 3167 142 3182 ²
272 3141 436 3230 temporis
462 3141 711 3233 intereapedine
740 3145 775 3212 et
801 3140 935 3230 navigio
952 3148 1080 3233 parato,
1112 3149 1214 3214 nauta
1225 3144 1284 3216 ille

272 3295 346 3345 enm
385 3274 545 3349 classibus
582 3295 712 3365 suoque
753 3274 929 3364 nauclero,
974 3277 1073 3346 naula
1120 3276 1281 3368 impense,

273 3407 375 3479 circio
402 3407 516 3498 flante,
545 3413 649 3501 ponto
664 3407 825 3499 pallente,
854 3408 1004 3496 remigiis
1028 3411 1280 3502 crepitantibus,

272 3540 429 3612 elassibus
443 3530 663 3614 &laniantibus
682 3539 830 3610 celocem
843 3541 1073 3613 ascenderunt.
1116 3543 1279 3635 Tumque,
1347 3547 1359 3587 ⁵

270 3673 484 3743 transmeatis
510 3675 683 3745 maritimis
695 3672 860 3744 fluctuum
886 3671 1119 3748 formidinibus
1144 3677 1280 3766 pericu-
