<?xml version="1.0" encoding="UTF-8"?>
<!DOCTYPE html PUBLIC "-//W3C//DTD XHTML 1.0 Transitional//EN"
    "http://www.w3.org/TR/xhtml1/DTD/xhtml1-transitional.dtd">
<html xmlns="http://www.w3.org/1999/xhtml" xml:lang="en" lang="en">
 <head>
  <title>
</title>
<meta http-equiv="Content-Type" content="text/html;charset=utf-8" />
  <meta name='ocr-system' content='tesseract 3.04.00' />
  <meta name='ocr-capabilities' content='ocr_page ocr_carea ocr_par ocr_line ocrx_word'/>
</head>
<body>
  <div class='ocr_page' id='page_1' title='image "./descriptioneste01toblgoog_0121.png"; bbox 0 0 2782 4290; ppageno 0'>
   <div class='ocr_carea' id='block_1_1' title="bbox 208 353 272 421">
    <p class='ocr_par' dir='ltr' id='par_1_1' title="bbox 208 353 272 421">
     <span class='ocr_line' id='line_1_1' title="bbox 208 353 272 421; baseline -0.047 0"><span class='ocrx_word' id='word_1_1' title='bbox 208 353 272 421; x_wconf 83' lang='lat'>114</span> 
     </span>
    </p>
   </div>
   <div class='ocr_carea' id='block_1_2' title="bbox 196 531 1210 1293">
    <p class='ocr_par' dir='ltr' id='par_1_2' title="bbox 196 531 1210 1293">
     <span class='ocr_line' id='line_1_2' title="bbox 200 531 1207 609; baseline 0.003 -3"><span class='ocrx_word' id='word_1_2' title='bbox 200 541 262 607; x_wconf 90' lang='lat' dir='ltr'>etc.</span> <span class='ocrx_word' id='word_1_3' title='bbox 308 533 460 606; x_wconf 82' lang='lat' dir='ltr'>Secundo</span> <span class='ocrx_word' id='word_1_4' title='bbox 495 533 649 607; x_wconf 89' lang='lat' dir='ltr'>milliario</span> <span class='ocrx_word' id='word_1_5' title='bbox 676 555 698 605; x_wconf 94' lang='lat' dir='ltr'>a</span> <span class='ocrx_word' id='word_1_6' title='bbox 726 531 855 605; x_wconf 86' lang='lat' dir='ltr'>Gelboe</span> <span class='ocrx_word' id='word_1_7' title='bbox 889 538 1006 607; x_wconf 88' lang='lat' dir='ltr'>eontra</span> <span class='ocrx_word' id='word_1_8' title='bbox 1041 535 1207 609; x_wconf 76' lang='lat' dir='ltr'><strong>orientem</strong></span> 
     </span>
     <span class='ocr_line' id='line_1_3' title="bbox 200 667 1209 762; baseline 0.004 -24"><span class='ocrx_word' id='word_1_9' title='bbox 200 667 492 758; x_wconf 84' lang='lat' dir='ltr'>Scythopolis,</span> <span class='ocrx_word' id='word_1_10' title='bbox 522 667 694 741; x_wconf 83' lang='lat' dir='ltr'>Galilaeae</span> <span class='ocrx_word' id='word_1_11' title='bbox 729 667 848 740; x_wconf 84' lang='lat' dir='ltr'>civitas</span> <span class='ocrx_word' id='word_1_12' title='bbox 876 669 1090 761; x_wconf 74' lang='lat' dir='ltr'><strong>metropolis,</strong></span> <span class='ocrx_word' id='word_1_13' title='bbox 1121 692 1209 762; x_wconf 91' lang='lat' dir='ltr'>quae</span> 
     </span>
     <span class='ocr_line' id='line_1_4' title="bbox 200 799 1210 897; baseline 0.003 -25"><span class='ocrx_word' id='word_1_14' title='bbox 200 808 235 873; x_wconf 91' lang='lat' dir='ltr'>et</span> <span class='ocrx_word' id='word_1_15' title='bbox 261 801 418 891; x_wconf 89' lang='lat' dir='ltr'>Bethsau,</span> <span class='ocrx_word' id='word_1_16' title='bbox 448 801 483 872; x_wconf 89' lang='lat' dir='ltr'>id</span> <span class='ocrx_word' id='word_1_17' title='bbox 511 807 570 897; x_wconf 84' lang='lat' dir='ltr'>est,</span> <span class='ocrx_word' id='word_1_18' title='bbox 600 801 717 873; x_wconf 91' lang='lat' dir='ltr'>domus</span> <span class='ocrx_word' id='word_1_19' title='bbox 745 799 823 873; x_wconf 91' lang='lat' dir='ltr'>solis</span> <span class='ocrx_word' id='word_1_20' title='bbox 850 801 905 873; x_wconf 91' lang='lat' dir='ltr'>vel</span> <span class='ocrx_word' id='word_1_21' title='bbox 931 801 1062 874; x_wconf 89' lang='lat' dir='ltr'>civitas.</span> <span class='ocrx_word' id='word_1_22' title='bbox 1102 801 1210 895; x_wconf 82' lang='lat' dir='ltr'>Supra</span> 
     </span>
     <span class='ocr_line' id='line_1_5' title="bbox 197 933 1207 1027; baseline 0.003 -22"><span class='ocrx_word' id='word_1_23' title='bbox 197 955 311 1007; x_wconf 89' lang='lat' dir='ltr'>mures</span> <span class='ocrx_word' id='word_1_24' title='bbox 352 935 425 1026; x_wconf 91' lang='lat' dir='ltr'>ejus</span> <span class='ocrx_word' id='word_1_25' title='bbox 469 935 716 1025; x_wconf 87' lang='lat' dir='ltr'>suspenderunt</span> <span class='ocrx_word' id='word_1_26' title='bbox 754 938 856 1026; x_wconf 89' lang='lat' dir='ltr'>caput</span> <span class='ocrx_word' id='word_1_27' title='bbox 898 933 1016 1008; x_wconf 89' lang='lat' dir='ltr'>Saulis.</span> <span class='ocrx_word' id='word_1_28' title='bbox 1083 935 1207 1027; x_wconf 81' lang='lat' dir='ltr'>Quinte</span> 
     </span>
     <span class='ocr_line' id='line_1_6' title="bbox 196 1065 1206 1164; baseline 0.003 -27"><span class='ocrx_word' id='word_1_29' title='bbox 196 1067 351 1139; x_wconf 90' lang='lat' dir='ltr'>milliario</span> <span class='ocrx_word' id='word_1_30' title='bbox 379 1088 400 1138; x_wconf 89' lang='lat' dir='ltr'>a</span> <span class='ocrx_word' id='word_1_31' title='bbox 427 1066 586 1138; x_wconf 83' lang='lat' dir='ltr'>Jezrahel</span> <span class='ocrx_word' id='word_1_32' title='bbox 614 1065 759 1140; x_wconf 86' lang='lat' dir='ltr'>Genou</span> <span class='ocrx_word' id='word_1_33' title='bbox 788 1068 959 1164; x_wconf 87' lang='lat' dir='ltr'>oppidum,</span> <span class='ocrx_word' id='word_1_34' title='bbox 988 1069 1079 1160; x_wconf 92' lang='lat' dir='ltr'>quod</span> <span class='ocrx_word' id='word_1_35' title='bbox 1107 1069 1206 1141; x_wconf 93' lang='lat' dir='ltr'>modo</span> 
     </span>
     <span class='ocr_line' id='line_1_7' title="bbox 197 1198 992 1293; baseline 0.003 -19"><span class='ocrx_word' id='word_1_36' title='bbox 197 1201 320 1275; x_wconf 83' lang='lat' dir='ltr'>Cressa</span> <span class='ocrx_word' id='word_1_37' title='bbox 347 1201 401 1274; x_wconf 92' lang='lat' dir='ltr'>vel</span> <span class='ocrx_word' id='word_1_38' title='bbox 430 1199 542 1293; x_wconf 88' lang='lat' dir='ltr'>Major</span> <span class='ocrx_word' id='word_1_39' title='bbox 571 1198 703 1273; x_wconf 88' lang='lat' dir='ltr'>Gallina</span> <span class='ocrx_word' id='word_1_40' title='bbox 731 1199 832 1290; x_wconf 87' lang='lat' dir='ltr'>vulgo</span> <span class='ocrx_word' id='word_1_41' title='bbox 860 1201 992 1276; x_wconf 83' lang='lat' dir='ltr'>dieitur.</span> 
     </span>
    </p>
   </div>
   <div class='ocr_carea' id='block_1_3' title="bbox 196 1461 1203 1656">
    <p class='ocr_par' dir='ltr' id='par_1_3' title="bbox 196 1461 1203 1656">
     <span class='ocr_line' id='line_1_8' title="bbox 196 1461 1203 1552; baseline 0.001 -24"><span class='ocrx_word' id='word_1_42' title='bbox 196 1463 224 1528; x_wconf 83' lang='lat'>2.</span> <span class='ocrx_word' id='word_1_43' title='bbox 257 1462 411 1544; x_wconf 82' lang='lat' dir='ltr'>Samaria,</span> <span class='ocrx_word' id='word_1_44' title='bbox 429 1461 577 1529; x_wconf 86' lang='lat' dir='ltr'>Dotbalm</span> <span class='ocrx_word' id='word_1_45' title='bbox 591 1461 745 1547; x_wconf 86' lang='lat' dir='ltr'>(cisterna</span> <span class='ocrx_word' id='word_1_46' title='bbox 758 1462 898 1552; x_wconf 85' lang='lat' dir='ltr'>loseph),</span> <span class='ocrx_word' id='word_1_47' title='bbox 920 1465 1060 1546; x_wconf 81' lang='lat' dir='ltr'>Sebaste,</span> <span class='ocrx_word' id='word_1_48' title='bbox 1073 1462 1203 1543; x_wconf 88' lang='lat' dir='ltr'>Slebem,</span> 
     </span>
     <span class='ocr_line' id='line_1_9' title="bbox 265 1567 1201 1656; baseline -0.001 -20"><span class='ocrx_word' id='word_1_49' title='bbox 265 1568 387 1649; x_wconf 84' lang='lat' dir='ltr'>siebar,</span> <span class='ocrx_word' id='word_1_50' title='bbox 410 1568 520 1637; x_wconf 92' lang='lat' dir='ltr'>Betbel</span> <span class='ocrx_word' id='word_1_51' title='bbox 543 1567 664 1656; x_wconf 63' lang='lat' dir='ltr'>stuza),</span> <span class='ocrx_word' id='word_1_52' title='bbox 688 1568 836 1653; x_wconf 78' lang='lat' dir='ltr'>Gerizim,</span> <span class='ocrx_word' id='word_1_53' title='bbox 865 1570 970 1649; x_wconf 80' lang='lat' dir='ltr'>debel,</span> <span class='ocrx_word' id='word_1_54' title='bbox 994 1571 1201 1654; x_wconf 68' lang='lat' dir='ltr'>similene.</span> 
     </span>
    </p>
   </div>
   <div class='ocr_carea' id='block_1_4' title="bbox 187 1733 1247 3699">
    <p class='ocr_par' dir='ltr' id='par_1_4' title="bbox 187 1733 1247 3699">
     <span class='ocr_line' id='line_1_10' title="bbox 274 1733 1201 1827; baseline 0.001 -21"><span class='ocrx_word' id='word_1_55' title='bbox 274 1735 307 1806; x_wconf 93' lang='lat' dir='ltr'><strong>A</strong></span> <span class='ocrx_word' id='word_1_56' title='bbox 335 1733 453 1806; x_wconf 85' lang='lat' dir='ltr'>Genou</span> <span class='ocrx_word' id='word_1_57' title='bbox 482 1733 603 1825; x_wconf 93' lang='lat' dir='ltr'>oppido</span> <span class='ocrx_word' id='word_1_58' title='bbox 632 1735 747 1827; x_wconf 88' lang='lat' dir='ltr'>incipit</span> <span class='ocrx_word' id='word_1_59' title='bbox 773 1734 967 1808; x_wconf 85' lang='lat' dir='ltr'>Samaria.</span> <span class='ocrx_word' id='word_1_60' title='bbox 1017 1737 1112 1808; x_wconf 90' lang='lat' dir='ltr'>luter</span> <span class='ocrx_word' id='word_1_61' title='bbox 1139 1737 1201 1808; x_wconf 93' lang='lat' dir='ltr'>bec</span> 
     </span>
     <span class='ocr_line' id='line_1_11' title="bbox 195 1867 1203 1961; baseline 0.004 -23"><span class='ocrx_word' id='word_1_62' title='bbox 195 1873 231 1939; x_wconf 93' lang='lat' dir='ltr'>et</span> <span class='ocrx_word' id='word_1_63' title='bbox 258 1867 420 1940; x_wconf 88' lang='lat' dir='ltr'>Sebasteu</span> <span class='ocrx_word' id='word_1_64' title='bbox 449 1868 640 1939; x_wconf 84' lang='lat' dir='ltr'>ostenditur</span> <span class='ocrx_word' id='word_1_65' title='bbox 666 1869 833 1961; x_wconf 90' lang='lat' dir='ltr'>planities,</span> <span class='ocrx_word' id='word_1_66' title='bbox 863 1891 961 1960; x_wconf 87' lang='lat' dir='ltr'>quarn</span> <span class='ocrx_word' id='word_1_67' title='bbox 987 1876 1112 1944; x_wconf 89' lang='lat' dir='ltr'>vocant</span> <span class='ocrx_word' id='word_1_68' title='bbox 1126 1870 1203 1942; x_wconf 93' lang='lat' dir='ltr'>Do-</span> 
     </span>
     <span class='ocr_line' id='line_1_12' title="bbox 194 2000 1247 2094; baseline 0.002 -23"><span class='ocrx_word' id='word_1_69' title='bbox 194 2003 339 2093; x_wconf 90' lang='lat' dir='ltr'>thaim,</span> <span class='ocrx_word' id='word_1_70' title='bbox 369 2002 427 2073; x_wconf 92' lang='lat' dir='ltr'>ubi</span> <span class='ocrx_word' id='word_1_71' title='bbox 454 2023 560 2093; x_wconf 91' lang='lat' dir='ltr'>prope</span> <span class='ocrx_word' id='word_1_72' title='bbox 589 2001 678 2073; x_wconf 91' lang='lat' dir='ltr'>viam</span> <span class='ocrx_word' id='word_1_73' title='bbox 705 2000 814 2072; x_wconf 89' lang='lat' dir='ltr'>adhue</span> <span class='ocrx_word' id='word_1_74' title='bbox 850 2009 992 2094; x_wconf 90' lang='lat' dir='ltr'>apparet</span> <span class='ocrx_word' id='word_1_75' title='bbox 1020 2009 1118 2076; x_wconf 91' lang='lat' dir='ltr'>vetus</span> <span class='ocrx_word' id='word_1_76' title='bbox 1146 2005 1202 2075; x_wconf 84' lang='lat' dir='ltr'>ills</span> <span class='ocrx_word' id='word_1_77' title='bbox 1242 2055 1247 2073; x_wconf 87' lang='lat'><em>.</em></span> 
     </span>
     <span class='ocr_line' id='line_1_13' title="bbox 194 2133 1202 2227; baseline 0.003 -21"><span class='ocrx_word' id='word_1_78' title='bbox 194 2138 354 2227; x_wconf 88' lang='lat' dir='ltr'>cisterna,</span> <span class='ocrx_word' id='word_1_79' title='bbox 391 2137 425 2207; x_wconf 91' lang='lat' dir='ltr'>in</span> <span class='ocrx_word' id='word_1_80' title='bbox 460 2157 561 2226; x_wconf 91' lang='lat' dir='ltr'>quam</span> <span class='ocrx_word' id='word_1_81' title='bbox 594 2134 714 2206; x_wconf 92' lang='lat' dir='ltr'>missus</span> <span class='ocrx_word' id='word_1_82' title='bbox 748 2133 810 2206; x_wconf 86' lang='lat' dir='ltr'>fuit</span> <span class='ocrx_word' id='word_1_83' title='bbox 836 2136 965 2227; x_wconf 84' lang='lat' dir='ltr'>loseph</span> <span class='ocrx_word' id='word_1_84' title='bbox 993 2159 1015 2209; x_wconf 88' lang='lat' dir='ltr'>a</span> <span class='ocrx_word' id='word_1_85' title='bbox 1041 2138 1202 2211; x_wconf 87' lang='lat' dir='ltr'>fratribus</span> 
     </span>
     <span class='ocr_line' id='line_1_14' title="bbox 192 2266 1200 2363; baseline 0.001 -22"><span class='ocrx_word' id='word_1_86' title='bbox 192 2271 270 2345; x_wconf 82' lang='lat' dir='ltr'>suis.</span> <span class='ocrx_word' id='word_1_87' title='bbox 312 2269 452 2341; x_wconf 88' lang='lat' dir='ltr'>Decimo</span> <span class='ocrx_word' id='word_1_88' title='bbox 480 2268 633 2341; x_wconf 91' lang='lat' dir='ltr'>milliario</span> <span class='ocrx_word' id='word_1_89' title='bbox 661 2289 682 2339; x_wconf 90' lang='lat' dir='ltr'>a</span> <span class='ocrx_word' id='word_1_90' title='bbox 709 2266 827 2340; x_wconf 88' lang='lat' dir='ltr'>Genou</span> <span class='ocrx_word' id='word_1_91' title='bbox 857 2274 908 2341; x_wconf 93' lang='lat' dir='ltr'>est</span> <span class='ocrx_word' id='word_1_92' title='bbox 921 2268 1085 2361; x_wconf 88' lang='lat' dir='ltr'>Samaria,</span> <span class='ocrx_word' id='word_1_93' title='bbox 1116 2294 1200 2363; x_wconf 90' lang='lat' dir='ltr'>quae</span> 
     </span>
     <span class='ocr_line' id='line_1_15' title="bbox 192 2400 1197 2498; baseline 0.002 -22"><span class='ocrx_word' id='word_1_94' title='bbox 192 2409 227 2476; x_wconf 91' lang='lat' dir='ltr'>et</span> <span class='ocrx_word' id='word_1_95' title='bbox 254 2403 432 2476; x_wconf 83' lang='lat' dir='ltr'>Sebaste</span> <span class='ocrx_word' id='word_1_96' title='bbox 461 2411 496 2474; x_wconf 83' lang='lat' dir='ltr'>et</span> <span class='ocrx_word' id='word_1_97' title='bbox 523 2402 676 2491; x_wconf 82' lang='lat' dir='ltr'>Augusta</span> <span class='ocrx_word' id='word_1_98' title='bbox 704 2401 747 2474; x_wconf 88' lang='lat' dir='ltr'>ab</span> <span class='ocrx_word' id='word_1_99' title='bbox 774 2400 928 2490; x_wconf 85' lang='lat' dir='ltr'>Augusto</span> <span class='ocrx_word' id='word_1_100' title='bbox 957 2404 1072 2476; x_wconf 87' lang='lat' dir='ltr'>civitas</span> <span class='ocrx_word' id='word_1_101' title='bbox 1101 2405 1197 2498; x_wconf 91' lang='lat' dir='ltr'>dicta,</span> 
     </span>
     <span class='ocr_line' id='line_1_16' title="bbox 190 2534 1200 2638; baseline 0.007 -33"><span class='ocrx_word' id='word_1_102' title='bbox 190 2536 225 2605; x_wconf 91' lang='lat' dir='ltr'>in</span> <span class='ocrx_word' id='word_1_103' title='bbox 253 2556 319 2625; x_wconf 89' lang='lat' dir='ltr'>qua</span> <span class='ocrx_word' id='word_1_104' title='bbox 345 2536 496 2624; x_wconf 89' lang='lat' dir='ltr'>sepultus</span> <span class='ocrx_word' id='word_1_105' title='bbox 530 2534 592 2607; x_wconf 89' lang='lat' dir='ltr'>fuit</span> <span class='ocrx_word' id='word_1_106' title='bbox 624 2534 681 2607; x_wconf 92' lang='lat' dir='ltr'>ille</span> <span class='ocrx_word' id='word_1_107' title='bbox 709 2555 911 2627; x_wconf 84' lang='lat' dir='ltr'>praecursor</span> <span class='ocrx_word' id='word_1_108' title='bbox 937 2536 1089 2638; x_wconf 83' lang='lat' dir='ltr'>Domini,</span> <span class='ocrx_word' id='word_1_109' title='bbox 1118 2538 1200 2633; x_wconf 91' lang='lat' dir='ltr'>bap-</span> 
     </span>
     <span class='ocr_line' id='line_1_17' title="bbox 191 2667 1199 2757; baseline 0.007 -20"><span class='ocrx_word' id='word_1_110' title='bbox 191 2668 269 2739; x_wconf 90' lang='lat' dir='ltr'>tista</span> <span class='ocrx_word' id='word_1_111' title='bbox 295 2667 476 2757; x_wconf 81' lang='lat' dir='ltr'>lohannes,</span> <span class='ocrx_word' id='word_1_112' title='bbox 507 2669 549 2741; x_wconf 88' lang='lat' dir='ltr'>ab</span> <span class='ocrx_word' id='word_1_113' title='bbox 576 2667 715 2741; x_wconf 89' lang='lat' dir='ltr'>Herode</span> <span class='ocrx_word' id='word_1_114' title='bbox 743 2669 931 2743; x_wconf 87' lang='lat' dir='ltr'>decollatus</span> <span class='ocrx_word' id='word_1_115' title='bbox 960 2674 1054 2744; x_wconf 90' lang='lat' dir='ltr'>trans</span> <span class='ocrx_word' id='word_1_116' title='bbox 1075 2670 1199 2744; x_wconf 86' lang='lat' dir='ltr'>Jorda-</span> 
     </span>
     <span class='ocr_line' id='line_1_18' title="bbox 192 2800 1200 2894; baseline 0.008 -22"><span class='ocrx_word' id='word_1_117' title='bbox 192 2822 277 2892; x_wconf 92' lang='lat' dir='ltr'>nem,</span> <span class='ocrx_word' id='word_1_118' title='bbox 303 2801 403 2894; x_wconf 88' lang='lat' dir='ltr'>juxta</span> <span class='ocrx_word' id='word_1_119' title='bbox 428 2801 539 2874; x_wconf 86' lang='lat' dir='ltr'>lacum</span> <span class='ocrx_word' id='word_1_120' title='bbox 556 2800 794 2894; x_wconf 80' lang='lat' dir='ltr'>Asphaltiten,</span> <span class='ocrx_word' id='word_1_121' title='bbox 822 2802 856 2873; x_wconf 93' lang='lat' dir='ltr'>in</span> <span class='ocrx_word' id='word_1_122' title='bbox 884 2804 1023 2876; x_wconf 87' lang='lat' dir='ltr'>castello</span> <span class='ocrx_word' id='word_1_123' title='bbox 1037 2804 1200 2879; x_wconf 87' lang='lat' dir='ltr'>Machae-</span> 
     </span>
     <span class='ocr_line' id='line_1_19' title="bbox 190 2919 1198 3027; baseline 0.006 -21"><span class='ocrx_word' id='word_1_124' title='bbox 190 2941 305 3027; x_wconf 89' lang='lat' dir='ltr'>runta,</span> <span class='ocrx_word' id='word_1_125' title='bbox 342 2919 568 3026; x_wconf 51' lang='lat' dir='ltr'>a&#39;discipulis</span> <span class='ocrx_word' id='word_1_126' title='bbox 603 2936 671 3007; x_wconf 92' lang='lat' dir='ltr'>suis</span> <span class='ocrx_word' id='word_1_127' title='bbox 705 2936 784 3009; x_wconf 93' lang='lat' dir='ltr'>inde</span> <span class='ocrx_word' id='word_1_128' title='bbox 818 2937 999 3009; x_wconf 88' lang='lat' dir='ltr'>translatus</span> <span class='ocrx_word' id='word_1_129' title='bbox 1033 2937 1198 3012; x_wconf 87' lang='lat' dir='ltr'>Sebasteu</span> 
     </span>
     <span class='ocr_line' id='line_1_20' title="bbox 190 3067 1197 3160; baseline 0.009 -22"><span class='ocrx_word' id='word_1_130' title='bbox 190 3069 301 3160; x_wconf 86' lang='lat' dir='ltr'>ibique</span> <span class='ocrx_word' id='word_1_131' title='bbox 337 3071 488 3160; x_wconf 86' lang='lat' dir='ltr'>sepultus</span> <span class='ocrx_word' id='word_1_132' title='bbox 516 3069 605 3139; x_wconf 90' lang='lat' dir='ltr'>iuter</span> <span class='ocrx_word' id='word_1_133' title='bbox 632 3067 828 3141; x_wconf 85' lang='lat' dir='ltr'>Helisaeum</span> <span class='ocrx_word' id='word_1_134' title='bbox 856 3076 892 3142; x_wconf 93' lang='lat' dir='ltr'>et</span> <span class='ocrx_word' id='word_1_135' title='bbox 919 3070 1075 3144; x_wconf 89' lang='lat' dir='ltr'>Abdiam.</span> <span class='ocrx_word' id='word_1_136' title='bbox 1134 3076 1197 3147; x_wconf 89' lang='lat' dir='ltr'>As·</span> 
     </span>
     <span class='ocr_line' id='line_1_21' title="bbox 188 3202 1195 3300; baseline 0.007 -27"><span class='ocrx_word' id='word_1_137' title='bbox 188 3205 331 3275; x_wconf 87' lang='lat' dir='ltr'>sumitur</span> <span class='ocrx_word' id='word_1_138' title='bbox 360 3202 479 3275; x_wconf 87' lang='lat' dir='ltr'>exinde</span> <span class='ocrx_word' id='word_1_139' title='bbox 507 3207 628 3292; x_wconf 91' lang='lat' dir='ltr'>postea</span> <span class='ocrx_word' id='word_1_140' title='bbox 661 3222 782 3292; x_wconf 89' lang='lat' dir='ltr'>corpus</span> <span class='ocrx_word' id='word_1_141' title='bbox 808 3223 830 3274; x_wconf 90' lang='lat' dir='ltr'>a</span> <span class='ocrx_word' id='word_1_142' title='bbox 856 3203 991 3277; x_wconf 87' lang='lat' dir='ltr'>Juliano</span> <span class='ocrx_word' id='word_1_143' title='bbox 1018 3205 1195 3300; x_wconf 82' lang='lat' dir='ltr'>Apostata,</span> 
     </span>
     <span class='ocr_line' id='line_1_22' title="bbox 189 3332 1195 3427; baseline 0.003 -21"><span class='ocrx_word' id='word_1_144' title='bbox 189 3342 504 3426; x_wconf 88' lang='lat' dir='ltr'>concrematumque</span> <span class='ocrx_word' id='word_1_145' title='bbox 553 3332 652 3407; x_wconf 88' lang='lat' dir='ltr'>fuisse</span> <span class='ocrx_word' id='word_1_146' title='bbox 693 3334 908 3427; x_wconf 89' lang='lat' dir='ltr'>perhibetur,</span> <span class='ocrx_word' id='word_1_147' title='bbox 962 3337 1048 3411; x_wconf 88' lang='lat' dir='ltr'>datis</span> <span class='ocrx_word' id='word_1_148' title='bbox 1093 3345 1195 3415; x_wconf 85' lang='lat' dir='ltr'>rento</span> 
     </span>
     <span class='ocr_line' id='line_1_23' title="bbox 188 3468 1195 3561; baseline 0.007 -23"><span class='ocrx_word' id='word_1_149' title='bbox 188 3469 370 3559; x_wconf 88' lang='lat' dir='ltr'>cineribus,</span> <span class='ocrx_word' id='word_1_150' title='bbox 406 3468 464 3540; x_wconf 89' lang='lat' dir='ltr'>sed</span> <span class='ocrx_word' id='word_1_151' title='bbox 499 3469 627 3558; x_wconf 84' lang='lat' dir='ltr'>absque</span> <span class='ocrx_word' id='word_1_152' title='bbox 662 3470 791 3561; x_wconf 88' lang='lat' dir='ltr'>capite,</span> <span class='ocrx_word' id='word_1_153' title='bbox 834 3470 924 3559; x_wconf 92' lang='lat' dir='ltr'>quod</span> <span class='ocrx_word' id='word_1_154' title='bbox 957 3471 1195 3546; x_wconf 82' lang='lat' dir='ltr'>Alexandriam</span> 
     </span>
     <span class='ocr_line' id='line_1_24' title="bbox 187 3600 1192 3699; baseline 0.008 -28"><span class='ocrx_word' id='word_1_155' title='bbox 187 3607 266 3672; x_wconf 89' lang='lat' dir='ltr'>ente</span> <span class='ocrx_word' id='word_1_156' title='bbox 294 3602 493 3673; x_wconf 88' lang='lat' dir='ltr'>translatum</span> <span class='ocrx_word' id='word_1_157' title='bbox 520 3601 641 3692; x_wconf 88' lang='lat' dir='ltr'>fuerat,</span> <span class='ocrx_word' id='word_1_158' title='bbox 670 3608 790 3691; x_wconf 91' lang='lat' dir='ltr'>postea</span> <span class='ocrx_word' id='word_1_159' title='bbox 810 3604 845 3673; x_wconf 92' lang='lat' dir='ltr'>in</span> <span class='ocrx_word' id='word_1_160' title='bbox 862 3600 1192 3699; x_wconf 83' lang='lat' dir='ltr'>Constantinopolim,</span> 
     </span>
    </p>
   </div>
   <div class='ocr_carea' id='block_1_5' title="bbox 0 0 1396 4290">
    <p class='ocr_par' dir='ltr' id='par_1_5' title="bbox 0 0 1396 4290">
     <span class='ocr_line' id='line_1_25' title="bbox 0 0 1396 4290; baseline 0 4"><span class='ocrx_word' id='word_1_161' title='bbox 0 0 1396 4290; x_wconf 95' lang='lat' dir='ltr'> </span> 
     </span>
    </p>
   </div>
  </div>
 </body>
</html>
