2782 4290
1148 368 1210 437 135
1265 415 1267 419 .

196 539 481 632 Hierosolymam
527 541 661 617 Eodem
689 541 755 632 die,
784 541 994 617 solemnitate
1017 545 1212 636 jamdicta

195 679 355 766 peracta,
389 674 494 747 rediit
525 675 569 749 ad
596 674 722 749 Oliveti
749 680 916 766 montana,
945 682 1136 753 moraturus
1163 680 1211 754 ibi
1327 745 1332 755 .

194 827 305 899 usque
331 808 375 915 ad
400 807 520 882 feriam
548 810 708 902 quintam,
737 808 771 880 in
799 829 866 900 qua
882 807 1033 883 facturus
1052 818 1126 884 erat
1144 835 1210 886 una

194 960 272 1014 oum
301 939 472 1033 discipulis
497 943 566 1018 suis
594 962 733 1016 coenam
757 941 966 1032 dominicam,
995 943 1029 1014 in
1056 965 1124 1035 qua
1150 967 1209 1017 ve-

192 1075 280 1148 teris
305 1076 500 1147 testamenti
532 1076 712 1148 terminum
746 1075 893 1167 novique
927 1076 1120 1149 testamenti
1146 1079 1208 1150 ini-

195 1208 283 1280 tium
314 1208 439 1301 posuit.
500 1207 598 1281 Misit
631 1229 714 1298 ergo
747 1208 781 1279 in
816 1208 1006 1300 civitatem,
1041 1209 1208 1303 discipulis

193 1340 264 1414 suis
276 1340 530 1433 inquirentibus,
558 1342 618 1415 ubi
644 1341 728 1414 velit
753 1341 816 1414 sibi
842 1340 970 1430 pascha
995 1341 1080 1433 lieri,
1109 1366 1209 1436 quos·

193 1473 274 1546 dam
301 1495 345 1546 ex
371 1474 430 1567 eis,
458 1479 497 1548 ut
523 1475 679 1549 venirent
706 1478 742 1545 et
759 1479 1004 1568 praepararent
1021 1476 1084 1548 sibi
1110 1478 1207 1552 habi-

192 1608 345 1680 taculum
372 1608 428 1680 vel
454 1609 566 1680 locum
592 1607 637 1681 ad
654 1608 886 1700 complendum
912 1607 1104 1700 hujusmodi
1129 1632 1207 1684 coe·

192 1759 259 1812 nae
285 1745 495 1814 sacramenta
520 1741 689 1833 idoneum,
718 1741 761 1813 de
789 1761 856 1831 quo
882 1739 1014 1833 plenius
1039 1740 1206 1817 inEvan·

189 1872 299 1962 gelio:
327 1871 383 1945 Ite
409 1873 447 1945 iu
475 1873 644 1947 ciuitmcm
676 1879 707 1946 et
734 1872 913 1946 inuenietis
939 1872 1105 1946 immistam
1131 1878 1204 1948 om·

187 2005 338 2097 piorum
355 2028 468 2099 upuue
484 2006 706 2098 basulensem,
735 2006 917 2100 sequimini
934 2026 1010 2078 euru
1032 2012 1100 2079 etc.
1129 2006 1206 2082 Hoc

191 2140 412 2212 coenaculum
444 2140 480 2211 in
511 2143 651 2212 monte
679 2138 778 2212 Sion
812 2143 862 2212 est
888 2139 1071 2229 inventum,
1100 2139 1136 2210 in
1162 2160 1203 2212 eo

190 2274 286 2364 loco,
319 2272 355 2344 in
388 2293 456 2364 quo
490 2271 648 2346 Salomon
684 2272 851 2365 quondam
879 2272 1053 2361 egregium
1080 2269 1204 2342 dicitur

190 2406 418 2479 construxisse
445 2404 651 2497 aedilicium,
686 2408 728 2478 de
763 2405 890 2497 quoin
920 2403 1058 2476 Gantioo
1085 2400 1201 2476 Gunti-

188 2559 324 2611 corum:
350 2536 534 2610 Ferculum
558 2536 639 2625 r‘eert
665 2538 730 2610 sr'di
755 2559 817 2610 reu
834 2534 996 2609 Salomon
1024 2540 1089 2608 etc.
1117 2533 1203 2607 Coe-

187 2671 345 2745 naculum
382 2670 466 2742 illud
497 2671 533 2743 in
566 2671 731 2763 superiori
762 2663 860 2762 porte
898 2667 1027 2759 grande
1060 2672 1135 2740 erat
1167 2674 1203 2740 et

187 2804 317 2895 latum,
352 2804 387 2875 in
414 2803 509 2895 cujus
537 2804 715 2878 latitudine
748 2806 891 2895 propter
916 2799 1069 2892 mysterii
1096 2800 1200 2871 retio-

187 2957 267 3010 nem
300 2935 463 3010 Dominus
498 2941 617 3010 noster
649 2957 726 3009 cum
767 2933 938 3025 discipulis
975 2933 1044 3004 suis
1075 2931 1202 3003 dicitur

187 3089 359 3161 coenasse,
388 3070 446 3142 ubi
473 3075 508 3142 et
533 3070 744 3162 proditorem
775 3087 872 3141 suum
907 3049 1010 3137 cauta
1041 3061 1201 3135 indicavit

187 3203 436 3295 descriptione,
470 3203 618 3296 reliquos
651 3200 842 3279 confortans
881 3198 923 3271 de
956 3197 1103 3269 instante
1135 3193 1201 3266 sibi

186 3335 344 3429 passione
370 3339 407 3410 et
433 3335 517 3409 dans
543 3337 593 3410 eis
619 3335 681 3410 sub
708 3334 824 3424 specie
841 3331 937 3425 panis
955 3348 1077 3420 corpus
1103 3345 1199 3398 suum

187 3469 232 3542 ad
272 3467 542 3542 manducandum
579 3473 617 3543 et
655 3467 718 3541 sub
751 3464 863 3556 specie
898 3462 968 3533 vini
1002 3457 1198 3544 sanguinem

187 3622 284 3679 suum
312 3600 578 3677 adhibendum:
615 3598 883 3692 Quotiescunque
909 3597 991 3680 eto,
1021 3588 1142 3660 dicens.
