2782 4290
193 398 275 466 236,

190 579 356 654 orientem
381 599 446 672 per
462 578 608 672 quinque
630 578 741 653 stadia
757 578 1015 664 cerniturloous
1033 578 1206 654 desolatus

184 710 1206 808 juxtavallomtvillam)BethphagedietamundeOhrisius

189 848 281 922 misit
296 844 469 920 Jacobum
497 851 532 918 et
548 843 740 919 Johannem
769 846 814 918 ad
842 846 1053 920 afferendum
1072 848 1204 922 asinam

191 987 226 1056 et
252 982 384 1076 pullum
413 981 495 1074 ejus,
525 985 561 1054 et
587 979 692 1053 estin
718 980 831 1054 medio
851 980 930 1054 viae
957 980 1047 1054 inter
1058 985 1206 1053 montem

191 1113 320 1187 Oliveti
347 1119 382 1186 et
396 1114 616 1188 Bethaniam.
672 1112 823 1185 Reverso
850 1117 969 1187 meatu
992 1115 1038 1186 ad
1055 1117 1205 1188 montem

192 1245 329 1337 oliveti,
357 1247 427 1318 itur
448 1268 512 1340 per
526 1247 627 1338 viam,
657 1267 744 1338 quae
773 1248 917 1320 eundem
944 1251 1092 1321 montem
1121 1247 1206 1319 divi-

191 1381 241 1453 dit
269 1402 290 1453 a
318 1385 453 1452 monte
482 1377 750 1472 Offensionis,
781 1381 839 1472 qui
867 1382 913 1454 ad
940 1382 1112 1455 sinistram
1128 1403 1205 1456 ver-

189 1535 246 1587 sus
272 1514 398 1587 vallem
420 1503 605 1587 Gehennon
632 1516 778 1588 locatur:
806 1515 926 1607 inquo
953 1538 1016 1590 rex
1043 1515 1204 1589 Salomon

189 1647 303 1742 posuit
333 1647 460 1720 idolum
493 1646 631 1722 Moloch
664 1650 808 1722 adorans
840 1649 934 1723 illud.
988 1648 1021 1720 A
1061 1650 1201 1742 capella

187 1764 364 1873 pnaediota
392 1786 533 1856 sanotae
550 1782 713 1872 Pelagiae
741 1803 805 1874 per
824 1805 867 1855 xx
887 1805 1008 1876 passus
1028 1789 1080 1857 est
1096 1785 1201 1875 loeus

187 1914 246 1986 ubi
266 1916 454 2006 apostoli
479 1916 622 1990 vicissim
645 1923 964 2011 composuerunt
991 1918 1205 1991 duodecim

189 2038 394 2122 articulos
421 2049 510 2122 fidei.
555 2049 685 2123 Ibidem
713 2050 848 2122 videtur
875 2052 1060 2125 eeclesia
1088 2052 1205 2124 beati

189 2179 320 2255 Marci
348 2184 535 2258 destructa.
589 2184 720 2257 Deinde
748 2205 812 2276 per
839 2186 959 2258 decem
985 2205 1108 2276 passus
1126 2207 1204 2259 uer-

186 2337 243 2388 sus
271 2317 446 2391 civitatem
468 2318 565 2410 jacet
590 2318 680 2409 lapis
706 2338 850 2408 magnus
881 2319 916 2388 in
949 2322 1058 2410 terra,
1097 2341 1205 2412 super

187 2449 494 2540 quemchristus
514 2451 725 2542 praedicauit
743 2455 778 2524 et
804 2450 947 2523 docuit
974 2452 1205 2544 discipulos

185 2603 263 2656 onos
283 2587 358 2656 ooto
376 2573 615 2659 beatitudines.
649 2585 735 2658 Item
753 2585 914 2659 declivius
931 2606 996 2677 per
1013 2589 1062 2656 22
1083 2609 1205 2678 passus

186 2719 239 2788 est
271 2716 367 2790 loeus
400 2717 569 2810 signatus,
604 2739 672 2810 quo
704 2718 868 2791 Dominus
904 2716 1025 2792 Jesus
1063 2721 1205 2794 doouit

186 2849 416 2942 discipulos
454 2874 532 2926 suos
571 2874 688 2944 orare,
739 2858 777 2925 ut
814 2853 965 2924 habetur
1002 2853 1118 2928 Math.
1153 2875 1201 2931 ui.

187 2983 280 3059 Nota
307 2985 351 3058 de
378 2986 496 3078 lapide
523 2988 686 3060 hebraice
706 2987 852 3080 sculpto,
883 3007 984 3076 quem
1001 3008 1204 3062 sarracenus

184 3120 297 3211 posuit
323 3121 357 3192 in
384 3121 510 3193 lumine
529 3122 670 3216 (limine)
688 3118 773 3194 ostii.
808 3120 939 3194 Iterum
967 3121 1203 3196 descendendo

185 3273 249 3344 per
287 3254 323 3325 12
358 3276 477 3346 passus
515 3256 714 3347 pervenitur
753 3255 799 3326 ad
831 3255 956 3346 locum,
992 3277 1060 3347 quo
1097 3257 1201 3330 beata

184 3389 304 3479 virgo
330 3386 488 3479 Maria,
516 3388 667 3478 fatigata
691 3408 732 3460 ex
748 3387 871 3460 itinere
892 3389 1117 3479 quotidianae
1142 3411 1201 3481 pe-

184 3520 434 3614 regrinationis,
460 3522 656 3614 saepissime
679 3520 767 3594 sedit
791 3527 827 3593 et
851 3521 1075 3614 requievit.

264 3654 348 3731 Post
360 3655 425 3730 hoo
438 3655 655 3732 descenditur
669 3675 786 3732 versus
801 3655 926 3732 uallem
939 3652 1031 3732 Siloe
1048 3655 1094 3730 ad
1107 3655 1198 3730 sinm-
