2782 4290
1133 345 1196 413 2³1

185 518 337 613 gellatus
363 522 401 591 et
423 519 602 612 judicatos,
633 526 669 593 et
696 529 809 615 porta,
840 543 1020 615 perquam
1037 523 1198 615 introivit,

187 657 223 723 et
254 650 377 724 iterum
416 656 538 744 porta,
580 676 644 745 per
676 678 778 748 quam
816 657 1039 730 sententiatos
1077 655 1219 757 exivit:¹

186 805 278 877 quae
307 786 430 858 ambae
463 791 540 858 sunt
573 787 769 861 obstructae
803 797 838 863 et
870 810 933 879 pen
964 788 1096 880 lapides
1129 811 1200 862 mu·

186 922 301 1009 ratae,
329 922 442 1010 stante
469 918 701 994 fundamento.
738 923 867 995 Domus
889 921 1066 1015 cujusdam
1093 922 1201 996 claret

187 1052 223 1125 in
250 1051 411 1123 musitata
439 1051 611 1144 sculptura
639 1056 674 1126 in
701 1054 811 1128 torma
837 1062 988 1128 rotarum
1008 1076 1068 1127 seu
1091 1060 1201 1141 astro·

189 1185 371 1274 lobiorum,
413 1206 499 1276 quae
538 1187 640 1278 plene
674 1191 767 1263 cerni
804 1210 871 1261 non
910 1193 1034 1281 potest.
1095 1188 1202 1263 Retro

189 1321 327 1415 domum
358 1321 521 1411 praetorii
556 1321 588 1393 in
622 1323 753 1395 modica
785 1324 945 1397 distantia
980 1328 1032 1396 est
1065 1322 1203 1396 domus
1334 1367 1336 1370 >

189 1453 388 1544 Herodis,
423 1455 482 1526 sed
517 1462 594 1529 ante
629 1457 764 1529 domum
797 1459 964 1549 praetorii
992 1461 1045 1531 est
1072 1457 1201 1548 domos,

189 1573 280 1680 quae
308 1609 396 1659 nune
425 1594 476 1660 est
503 1589 652 1662 tribunal
675 1591 799 1682 judicis
828 1590 986 1664 civitatis

252 1697 303 1794 'A
331 1694 506 1814 praetorio
524 1723 686 1814 praefato
705 1746 824 1799 versus
841 1725 1007 1798 onientem
1028 1746 1092 1817 per
1109 1729 1204 1797 octo·

190 1855 292 1949 ginta
332 1858 404 1929 tres
442 1877 564 1947 passos
602 1859 635 1928 in
669 1858 788 1931 eodem
822 1859 897 1954 vieo
933 1882 955 1932 a
989 1858 1117 1931 dextris
1155 1860 1207 1929 est

192 1992 308 2083 prima
336 1996 480 2082 porta,
517 2013 606 2083 quae
642 1992 734 2064 dueit
768 1993 812 2064 ad
840 1993 933 2064 viam
961 1990 1109 2082 tempii
1138 1989 1205 2062 Sa·

189 2122 382 2214 lomonis‚
413 2145 554 2214 quornm
582 2130 652 2197 tres
679 2132 757 2200 sunt
784 2128 817 2198 in
847 2127 912 2199 hao
939 2127 1058 2218 platea
1087 2129 1206 2197 eontra

191 2260 397 2352 aquilonem.
448 2258 577 2332 Porta
606 2265 720 2332 autem
748 2261 941 2351 speciosa
971 2255 1204 2351 estproximo

190 2394 320 2486 templo
349 2399 470 2465 contra
498 2393 703 2466 occidentem
732 2415 840 2486 prope
868 2394 1048 2485 hospitium
1070 2391 1206 2464 damas·

189 2547 362 2604 senorum.
419 2527 452 2599 A
479 2526 607 2618 templo
637 2525 825 2600 Salomonis
859 2547 926 2599 non
959 2527 1060 2616 longe
1088 2545 1205 2597 vensns

192 2669 364 2751 austrum,
400 2660 518 2734 eodem
548 2661 676 2734 ambito
705 2683 892 2751 murorum,
928 2667 979 2734 est
1011 2658 1207 2750 templum

189 2796 375 2887 Domini,
404 2795 524 2886 inquo
552 2793 784 2867 afferebantur
812 2793 1027 2887 primogeniti
1054 2791 1205 2880 maseuli,

191 2933 225 3004 in
255 2949 321 3022 quo
350 2933 387 3003 et
413 2948 499 3020 puer
526 2925 625 3001 Jesos
653 2932 898 3019 praesentatus
923 2934 974 3001 est
998 2932 1033 3000 et
1050 2931 1209 3018 receptus

192 3067 227 3137 in
261 3063 350 3137 ulnis
387 3061 571 3152 Simeonis,
611 3062 742 3136 habens
775 3067 900 3135 tectum
940 3061 1134 3154 plumbeum
1175 3063 1222 3131 et

193 3200 333 3272 otiorum
369 3216 463 3269 more
491 3217 754 3270 samacenorum
782 3217 898 3269 versos
933 3199 1084 3268 austrum
1113 3193 1208 3266 etin

194 3332 346 3427 quolibet
365 3331 477 3404 latere
496 3329 616 3419 viginti
633 3328 813 3422 fenestras
835 3331 1006 3419 attingens
1024 3333 1207 3399 extremum

195 3466 356 3558 anguium
385 3465 531 3538 civitatis
559 3484 676 3537 versus
703 3464 828 3538 vallem
857 3463 957 3535 Siioe.
999 3459 1132 3532 Deinde
1149 3458 1208 3530 de·

196 3569 343 3676 dinatus
370 3620 391 3671 a
417 3599 540 3691 platea
572 3596 738 3690 praetorii
773 3597 818 3672 ad
850 3596 1021 3672 sinistram
1054 3593 1205 3667 inbono
