2782 4290
289 420 354 489 uto

289 602 459 692 signatus,
499 601 559 674 nbi
594 598 713 692 judaei
750 597 918 672 violenter
955 615 1078 690 rapere
1118 597 1303 671 voluerunt

290 755 413 826 corpus
444 735 616 825 gloriosae
649 731 805 824 cinglum
845 752 921 806 cum
959 752 1024 822 per
1055 731 1226 825 apostolos
1258 729 1303 804 ad

290 867 519 961 sepeliendum
535 871 741 960 portaretur.
780 863 813 936 A
832 864 1005 958 praedicta
1032 869 1132 955 porto
1159 867 1183 939 7
1188 867 1209 935 6
1229 883 1302 957 pas·

289 1024 347 1077 sus
385 1002 531 1096 platea
570 1019 810 1092 synagogae
846 1000 1097 1093 judaeorum
1129 998 1305 1084 haletin

290 1136 499 1227 longitudine
526 1135 688 1208 ducentos
722 1133 860 1224 triginta
882 1139 1016 1227 ‘septem
1047 1110 1165 1225 passus
1199 1151 1304 1223 usque

291 1270 334 1344 ad
360 1269 538 1343 introitum
564 1267 780 1341 testudinum.
838 1267 892 1341 Ab
925 1266 992 1338 hoc
1026 1266 1305 1356 introitumque

292 1403 336 1477 ud
369 1403 598 1476 castellum
630 1401 769 1474 David
802 1406 879 1474 sunt
912 1400 1005 1474 cxciii
1038 1420 1171 1492 possus;
1210 1399 1307 1472 multi

149 1598 151 1601 .
233 1642 237 1650 ⁸
293 1542 407 1610 tamen
441 1556 694 1610 sarracenorum
733 1535 929 1608 inhabitant.
999 1533 1039 1606 ln
1074 1533 1191 1624 platea
1223 1553 1306 1606 vero

295 1669 372 1743 huic
402 1670 556 1760 proxima
583 1675 634 1743 est
661 1669 817 1760 domus,
853 1689 922 1760 qua
955 1667 1199 1741 vinculatus
1233 1672 1308 1740 arat

294 1803 416 1877 beatus
454 1803 627 1897 Petrus3
678 1803 751 1875 loco
795 1803 942 1877 carceris
981 1803 1055 1894 ejus
1094 1805 1149 1874 est
1186 1799 1308 1874 fornax

294 1937 438 2030 pistoris.
504 1937 545 2010 In
582 1938 701 2011 eadem
736 1937 852 2027 platea
892 1943 942 2010 est
982 1935 1152 2026 portula
1189 1955 1308 2008 versum

294 2075 455 2164 austrum,
484 2091 571 2162 quae
598 2071 713 2161 lingna
734 2090 852 2142 eorum
880 2068 1069 2142 foramen
1096 2087 1198 2141 acus
1224 2067 1307 2140 dici-

293 2210 359 2297 tur,
389 2204 431 2277 de
461 2225 529 2295 qua
554 2204 718 2277 Dominus
744 2203 842 2276 dixit:
869 2201 1025 2276 Facilius
1052 2207 1112 2291 cst,
1141 2200 1308 2275 comeduut

294 2337 346 2411 ire
368 2359 434 2430 par
459 2337 616 2427 duramen
643 2358 727 2410 acus
754 2342 819 2410 etc.
854 2336 909 2410 De
935 2337 1009 2408 loco
1030 2336 1148 2428 itaque
1166 2336 1308 2426 rapinae

295 2471 491 2562 praedictae
519 2492 625 2562 usque
657 2470 702 2542 ad
727 2470 841 2543 locum
868 2471 980 2544 obitus
1007 2470 1082 2562 ejus
1119 2474 1197 2543 sunt
1224 2489 1309 2543 cxxx

295 2625 356 2678 sex
382 2625 501 2696 passus
519 2603 653 2695 pedum,
683 2623 766 2693 quos
783 2608 880 2675 tanta
897 2603 1079 2693 diligentia,
1109 2623 1178 2694 qua
1201 2603 1308 2694 potui,

295 2739 481 2810 numeravi.
537 2737 651 2808 Primo
679 2741 792 2808 tamen
826 2735 963 2810 videtur
995 2736 1135 2808 domus
1162 2735 1309 2808 Annae

299 2869 541 2964 pontificis,
576 2870 611 2941 in
639 2891 705 2960 qua
737 2875 789 2944 cst
815 2870 955 2944 eeclesia
981 2888 1196 2942 armenorum
1226 2870 1310 2943 satis

295 3009 403 3095 grata,
432 3004 649 3077 luminaribus
676 3009 711 3077 et
730 3004 940 3094 lampadibus
957 3003 1045 3076 bene
1066 3008 1196 3094 ornata
1226 3023 1309 3094 qua-

294 3142 372 3210 tuor
404 3137 532 3211 habens
565 3138 737 3210 columnas
775 3137 966 3243 quadratas.
1028 3135 1164 3208 Deinde
1203 3137 1309 3210 altius

294 3291 359 3362 par
385 3272 468 3345 duos
496 3272 611 3363 jactus
641 3270 764 3363 lapidis
796 3275 850 3344 est
883 3269 1024 3342 domus
1051 3266 1243 3360 Caiphae
1273 3271 1308 3343 in

293 3405 486 3478 summitate
512 3405 646 3497 montis,
674 3410 712 3478 ut
738 3426 841 3496 supra
867 3392 993 3476 dictum
1020 3406 1090 3477 cot:
1117 3403 1153 3475 in
1172 3409 1306 3496 quaest

297 3539 479 3631 ecclesiola,
507 3559 593 3631 quae
621 3538 782 3630 capella
807 3537 1041 3611 salvatoris
1068 3534 1203 3628 dicitur,
1237 3557 1304 3609 non

296 3670 479 3763 immeritm
497 3693 575 3744 nam
594 3692 698 3764 super
717 3671 827 3745 altare
845 3670 997 3765 ejusdem
1012 3670 1166 3762 capellae
1178 3671 1306 3763 positus
