2782 4290
265 389 353 476 ι116

286 577 375 658 tana,
404 569 462 639 ubi
489 587 576 638 nunc
604 565 747 639 ecelesia
774 564 1001 637 constituitur.
1041 562 1143 635 Juxta
1164 559 1299 635 Sichem

289 701 503 774 terebinthus
530 700 597 789 illa,
627 699 687 772 snb
716 719 782 789 qua
808 696 913 771 Jacob
941 697 1116 770 abscondit
1148 697 1300 770 idolain

289 834 457 909 Bethel.
515 832 676 904 Milliario
718 852 739 902 a
780 830 912 904 Siolrem
949 831 1061 903 Luza
1088 831 1224 920 civitas,
1266 830 1299 899 in

290 991 355 1060 qua
381 987 444 1059 per
470 967 569 1037 multi
596 965 757 1055 temporis
772 966 919 1056 spatium
937 963 1102 1037 habitavit
1115 964 1298 1053 Abraham,

290 1102 346 1174 ubi
382 1106 415 1171 et
442 1098 549 1171 Jacob
583 1098 750 1170 dormiens
784 1098 905 1170 scalam
934 1098 1035 1189 vidit,
1075 1097 1172 1189 cujus
1199 1106 1300 1188 caput

291 1235 403 1306 coelos
431 1233 604 1322 tangebat,
633 1233 836 1320 angelosque
866 1253 929 1321 per
956 1253 1030 1303 eam
1058 1230 1300 1304 descendentes

292 1374 327 1440 et
354 1365 583 1455 ascendentes,
615 1366 785 1436 utstatim
814 1365 975 1454 evigilans
1002 1366 1067 1437 ait:
1101 1363 1173 1435 Hic
1207 1363 1300 1436 16666

291 1522 368 1570 vere
394 1503 534 1571 sonatan
562 1503 612 1569 est
638 1502 796 1588 adporto
828 1498 920 1570 coeli.
976 1496 1189 1589 Erigensque
1218 1497 1300 1588 lapi·

293 1633 369 1704 dem
397 1633 430 1702 in
458 1633 592 1704 titulum
621 1632 799 1721 oleumque
827 1630 970 1704 fundens
998 1631 1153 1722 desuper,
1183 1630 1299 1722 appel·

229 1772 237 1782 “
291 1767 373 1838 lavit
406 1787 529 1837 nomen
563 1765 629 1835 1661
663 1765 748 1836 illius
781 1764 920 1855 Bethel,
957 1765 1046 1856 quod
1078 1765 1180 1837 antea
1207 1765 1300 1836 Luza

292 1900 486 1971 vocabatur.
549 1897 615 1969 Est
656 1904 768 1969 autem
803 1897 926 1970 Bethel
967 1897 1168 1970 collateralis
1205 1919 1300 1971 mons

291 2031 491 2122 Gerizim,
520 2031 699 2121 respiciens
726 2037 874 2103 montem
901 2030 1034 2104 Gebal
1061 2032 1104 2102 ad
1119 2032 1302 2121 septentri-

295 2187 411 2256 onem,
447 2166 546 2256 juxta
571 2164 647 2235 Dan
681 2185 783 2254 supra
810 2164 952 2238 Siehem.
1008 2167 1046 2236 In
1087 2166 1150 2236 1166
1187 2170 1299 2237 monte

294 2297 416 2371 Bethel
433 2297 552 2368 dicitur
561 2298 733 2369 Abraham
748 2296 853 2368 filium
867 2320 962 2370 suum
977 2303 1128 2370 mactare
1143 2299 1298 2370 voluisse.

373 2431 546 2519 Vigesimo
574 2432 730 2502 milliario
758 2451 778 2502 a
807 2430 954 2527 Sichem‚
983 2438 1103 2523 quarto
1131 2431 1302 2504 6111611-

293 2563 409 2651 salem,
439 2562 504 2650 via,
535 2583 621 2651 quae
650 2564 743 2635 ducit
769 2563 972 2656 Diospolim,
1008 2585 1105 2637 mons
1133 2563 1239 2656 Silo,
1268 2569 1303 2636 et

298 2694 432 2784 6111166,
468 2714 554 2783 quae
589 2700 624 2765 et
656 2695 796 2787 Rama,
838 2699 895 2770 ubi
928 2718 1008 2770 arca
1039 2698 1233 2770 testamenti
1267 2699 1302 2770 61

300 2827 552 2898 tabernaculum
566 2827 699 2900 Domini
726 2831 768 2901 ab
795 2831 941 2902 adventu
969 2830 1113 2904 filiorum
1126 2832 1234 2902 Israel
1249 2851 1302 2902 re·

296 2967 488 3031 manserunt
523 2983 627 3052 usque
662 2961 705 3034 ad
738 2968 891 3054 tempora
925 2962 1088 3036 Samuelis
1114 2963 1302 3055 prophetae

298 3096 334 3163 et
360 3092 470 3165 David
497 3094 596 3183 regis.

396 3328 423 3394 3.
454 3327 638 3407 Jerusalem,
661 3345 749 3395 mons
772 3329 889 3410 Morio,
920 3329 1058 3397 historia
1080 3331 1202 3416 templi.
1344 3330 1346 3335 ’

375 3490 549 3577 Vigesimo
589 3495 710 3580 quarto
750 3492 903 3565 milliario
931 3515 953 3566 a
979 3494 1132 3585 Siehem,
1175 3494 1303 3568 decimo

295 3625 390 3692 sento
417 3621 617 3712 aDiospoli,
648 3623 905 3695 decimosexto
934 3627 976 3697 ab
990 3627 1141 3719 Hebron,
1172 3627 1302 3702 decimo
