2782 4290
205 454 225 516 2

204 631 367 723 provexit,
401 632 517 722 etita,
558 635 597 704 ut
624 631 781 722 egregius
809 627 1035 703 exercitorum
1064 632 1215 706 alumnus

207 785 267 836 sua
294 764 458 836 industria
485 786 547 854 per
573 765 750 837 dioecesim
767 764 949 852 diligenter
968 765 1215 853 quodammodo

208 903 245 970 nt
262 902 361 969 natos
380 898 536 989 proprios
557 898 745 987 mulcendo,
774 896 920 969 fovendo
936 896 1054 970 fovere
1069 900 1214 972 solebat:

203 1031 274 1102 istis
307 1031 459 1102 omnibus
491 1031 566 1103 istic
604 1030 665 1103 sub
707 1049 822 1101 sacrae
862 1030 947 1118 legis
987 1030 1213 1104 moderamine
1245 1032 1248 1039 '

204 1163 415 1234 manentibus
453 1184 516 1251 ego
551 1162 688 1253 indigna
722 1164 878 1234 saxonica
910 1163 953 1234 de
985 1170 1102 1253 gente,
1140 1167 1214 1236 istic

201 1297 408 1370 venientium
434 1295 622 1385 novissima,
659 1300 694 1366 et
722 1317 788 1367 non
815 1297 923 1368 solum
943 1297 1057 1385 annis,
1090 1299 1150 1368 sed
1178 1307 1213 1372 et

201 1424 348 1502 moribus
375 1435 419 1520 ct,
451 1429 493 1502 de
521 1429 657 1500 illorum
693 1429 945 1519 comparatione
972 1430 1214 1502 contribulium

201 1584 362 1652 meorum,
392 1563 487 1652 qnasi
517 1561 728 1650 homuncule,
762 1581 826 1651 ego
846 1561 982 1650 quidem
1012 1563 1107 1634 vobis
1135 1565 1212 1635 reli-

202 1696 303 1784 giosis
348 1716 389 1766 ac
430 1694 601 1766 catholicis
646 1695 742 1784 viris,
794 1694 948 1766 coelestis
987 1695 1209 1769 bibliothecae

122 1880 124 1885 .
200 1827 372 1916 ministris,
416 1827 460 1898 ob
495 1827 679 1899 utilitatem
706 1829 888 1899 memoriae
915 1849 1022 1917 pauca
1049 1830 1209 1917 perstrin-

200 1960 326 2049 gendo,
361 1960 522 2051 paulatim
556 1959 598 2030 de
632 1960 856 2049 primordialis
890 1960 978 2032 vitae
1007 1962 1080 2053 ejus
1108 1985 1208 2035 vene-

199 2094 296 2165 randi
314 2093 379 2166 viri
393 2092 576 2163 Willibaldi
595 2094 767 2181 prooemio
786 2093 960 2181 disputare
980 2093 1205 2168 decreveram.

200 2225 272 2325 Sed·
285 2231 398 2298 tamen
417 2226 595 2315 praecipue
614 2247 678 2316 ego
696 2226 821 2298 semina
841 2224 1019 2316 fragilique
1032 2248 1132 2299 sexus
1147 2229 1208 2300 im-

198 2358 380 2429 becillitate
400 2359 638 2449 corruptibilis,
658 2359 751 2429 nulla
767 2360 1006 2449 praerogativa
1023 2361 1208 2451 sapientiae

198 2490 332 2563 suffulta
359 2495 417 2562 ant
443 2511 641 2578 magnarum
670 2492 788 2563 virium
816 2491 982 2562 industria
1010 2494 1116 2583 elata,
1147 2496 1207 2567 sed

196 2629 380 2713 spontanea
390 2617 570 2696 voluntatis
582 2644 677 2695 meae
689 2624 850 2696 violentia
862 2630 993 2714 coacta,
1013 2628 1107 2698 velut
1127 2648 1208 2716 qna·

194 2754 270 2825 dam
284 2755 399 2844 ignara
416 2777 522 2845 parva
540 2755 583 2827 de
595 2758 752 2847 ‚pectoris
771 2757 951 2850 prudentia
970 2759 1153 2849 decerpens
1172 2771 1207 2832 et

195 2907 235 2958 ex
263 2888 374 2962 multis
407 2887 481 2959 fron
495 2889 573 2961 losis
608 2888 847 2979 frugiferisque
874 2891 1053 2962 arboribus
1086 2890 1203 2963 florum

196 3021 360 3094 varietate
395 3029 591 3095 onustorum
626 3024 747 3112 exigua
782 3024 935 3113 qualibet
962 3030 1053 3114 arte,
1083 3026 1204 3097 saltem

195 3155 353 3227 extremis
382 3157 415 3226 in
443 3157 555 3245 ramis,
586 3161 720 3231 vestrae
748 3156 929 3229 memoriae
952 3163 1072 3246 coapta
1098 3179 1205 3248 pauca

193 3307 385 3380 excerpere,
415 3291 649 3379 compaginare
685 3290 900 3380 edissercque
926 3310 981 3361 mc
1009 3291 1102 3363 libet.
1156 3292 1203 3362 Et

191 3441 279 3492 nunc
304 3422 480 3511 reciproco
504 3442 657 3495 sermone
672 3424 825 3495 iterando
845 3424 931 3511 dico,
961 3444 1026 3493 non
1045 3426 1203 3512 propriae

190 3553 445 3640 praesumtionis
481 3553 681 3645 primordio,
723 3577 789 3626 non
829 3557 1031 3628 temeritatis
1064 3557 1203 3629 andacia

188 3683 353 3757 instanter
383 3686 472 3757 freta
505 3686 570 3757 hoo
597 3687 744 3779 incipere
776 3688 839 3761 nisi
866 3695 906 3762 ut
933 3691 988 3763 vix
1024 3690 1147 3765 audeo.
