2782 4290
1129 411 1198 482 Ι253

186 601 289 672 siam
308 599 538 687 georgitarum
558 596 645 669 bene
665 595 870 687 decoratam,
900 616 987 687 quae
1013 596 1064 669 ad
1091 619 1200 670 sanc-

185 737 270 804 tam
303 751 470 805 crucem
507 729 647 821 dicitur,
686 730 765 820 quia
802 731 904 802 arbor
937 731 1042 802 crucis
1075 728 1200 803 Christi

185 865 312 939 ibidem
338 865 432 937 stetit
459 868 494 934 et
520 863 643 954 crevit,
673 864 771 956 cujus
798 861 952 936 foramen
977 863 1112 942 videtur
1138 866 1200 938 hu-

187 1019 313 1090 cusque
344 999 407 1071 sub
442 1017 581 1088 quorum
616 995 742 1089 (chori)
781 997 890 1069 altari.
946 995 1072 1071 Postea
1100 999 1201 1090 juxta

186 1133 293 1223 uam,
336 1152 404 1222 qua
445 1132 514 1203 itur
545 1129 591 1202 ad
628 1127 772 1220 Gazam,
813 1129 948 1203 videtur
988 1152 1091 1223 aqua,
1134 1154 1201 1223 qua

186 1266 403 1338 eunuchus
430 1284 451 1336 a
477 1264 635 1355 Philippo
663 1268 714 1336 ost
740 1264 993 1353 baptizatus.
1049 1265 1131 1337 Act.
1162 1267 1197 1342 8.

479 1473 605 1541 Divisio
628 1472 745 1540 Terrae
768 1472 912 1541 Sanctae.

266 1665 376 1738 Terra
402 1666 478 1756 ista,
508 1685 608 1756 quam
635 1671 783 1738 sanctam
811 1665 959 1758 dicimus,
989 1667 1023 1737 in
1044 1666 1201 1742 distribu-

183 1801 276 1873 tione
308 1799 431 1874 cecidit
468 1799 502 1870 in
535 1804 661 1871 sortem
693 1798 872 1871 duodecim
901 1801 1051 1873 tribuum
1081 1802 1197 1892 Israel,

185 1941 221 2008 et
246 1955 311 2027 pro
339 1938 438 2024 parte
465 1933 577 2023 aliqua
599 1934 772 2005 dicebatur
798 1953 974 2022 regnum
1000 1933 1198 2026 Judaeum,

191 2089 280 2160 quae
309 2072 384 2140 erat
411 2067 555 2138 duarum
580 2066 739 2157 tribuum,
768 2067 896 2139 scilicet
910 2067 1019 2141 Judae
1047 2073 1084 2140 et
1111 2069 1201 2141 Beu-

183 2202 307 2295 jamin,
347 2221 410 2291 pro
444 2205 545 2290 parte
578 2201 687 2272 altera
720 2193 900 2273 dicebatur
933 2222 1105 2291 regnum
1133 2202 1201 2275 Sa·

185 2337 362 2426 mariae,
405 2335 439 2404 in
475 2355 541 2424 quo
575 2333 773 2422 metropolis
808 2339 860 2406 est
888 2334 1037 2407 Samaria
1070 2337 1199 2426 civitas,

186 2491 275 2561 quae
305 2472 343 2542 et
370 2467 512 2540 Sebaste
540 2468 677 2558 dicitur,
708 2471 745 2539 et
774 2474 877 2558 caput
903 2467 972 2540 fuit
998 2469 1114 2543 decem
1140 2469 1201 2542 tri-

184 2604 288 2676 buum
315 2602 538 2694 reliquarum,
569 2621 657 2692 quae
685 2600 792 2673 Israel
819 2602 1005 2675 dicebatur.
1061 2602 1202 2676 Utrum·

185 2756 251 2827 que
289 2740 402 2808 tamen
442 2755 585 2825 reguum
626 2755 701 2807 cum
741 2738 813 2806 tota
852 2741 957 2809 terra·
985 2734 1202 2810 Philistim

186 2868 361 2943 dicebatur
407 2869 669 2957 Palaestina,
717 2889 803 2958 quae
848 2874 922 2942 erat
966 2890 1061 2962 pars,
1116 2872 1202 2944 sieut

187 3001 343 3094 saxonia,
372 3003 541 3092 Latriuga
556 3007 674 3094 partes
687 3007 766 3076 suut
780 3003 981 3095 Teutoniae,
1011 3009 1047 3076 et
1064 3004 1202 3094 Longo·
1306 3025 1310 3031 ·

190 3137 309 3209 bardia
343 3143 378 3211 et
411 3137 533 3210 Tuscia
565 3143 682 3227 partes
721 3141 798 3209 sunt
830 3136 958 3210 Italiae.
1025 3137 1073 3211 llt
1105 3143 1198 3227 nota,

192 3270 282 3360 quod
308 3275 396 3344 tres
423 3276 502 3344 sunt
527 3269 812 3344 Palaestinae.
875 3270 914 3341 ln
941 3272 1051 3359 prima
1077 3275 1201 3343 metro·

178 3405 278 3493 -polis
304 3410 358 3479 cat
383 3404 616 3477 Jerusalem
649 3425 726 3477 cum
760 3405 914 3478 omnibus
941 3404 1105 3477 montanis
1132 3405 1200 3476 suis

191 3559 298 3631 usque
331 3539 374 3611 ad
407 3560 500 3613 mare
527 3539 704 3611 Mortuum
739 3544 774 3610 et
805 3540 849 3610 ad
881 3538 1053 3609 desertum
1085 3536 1200 3611 Kades

142 3668 145 3675 '
189 3670 311 3748 Barna.
370 3671 534 3765 Secunda,
565 3674 660 3766 quus
686 3673 887 3781 metropolis
914 3676 977 3744 est*
994 3669 1200 3746 Caesarea
