2782 4290
196 428 261 500 154

193 643 270 710 tota
310 637 425 710 ciuitas
465 636 659 711 solemniter
697 639 857 714 observat
884 661 960 713 cum
985 641 1084 729 larga
1111 641 1218 749 elee-x

193 790 411 862 mosynarum
437 771 472 841 in
498 770 620 862 majori
649 773 793 845 ecclesia
819 773 1055 846 distributione
1083 774 1203 846 exsui

192 904 296 996 ipsius
322 903 431 977 adhuc
457 905 603 978 viventis
631 906 856 997 dispositione.

272 1062 525 1154 Verumtamen,
551 1066 703 1155 quamvis
724 1066 770 1138 sic
794 1065 920 1138 ibidem
940 1065 983 1172 de
1009 1084 1070 1138 suo
1096 1064 1203 1138 hono-

191 1203 296 1288 retur,
326 1203 440 1270 tamen
468 1200 670 1291 expugnatio
699 1200 843 1273 civitatis
869 1218 937 1270 non
972 1199 1003 1270 ei
1029 1219 1107 1270 cum
1134 1199 1202 1270 ale·

191 1331 331 1422 mannia,
360 1352 428 1404 non
456 1333 589 1405 minime
616 1333 651 1405 in
680 1354 721 1404 ea
749 1331 959 1423 expeditione
972 1330 1201 1404 laborantibus

193 1468 230 1537 et
258 1463 458 1555 exercitatis,
488 1467 547 1538 sed
575 1466 654 1538 solis
687 1464 885 1537 adscribitur
910 1465 1045 1536 baucis.
1102 1462 1201 1536 Unde

193 1598 294 1669 etiam
322 1596 534 1670 detractores
561 1605 695 1673 nostrae
728 1601 838 1689 gentis
870 1598 1077 1689 epitaphium
1113 1598 1200 1670 iliius

191 1728 311 1802 famosi
338 1729 501 1822 Wiggeri‚
536 1753 600 1822 per
632 1733 737 1805 muita
763 1732 864 1805 fortia
897 1729 985 1802 faeta
1011 1730 1199 1821 approbati,

192 1863 361 1955 quianon
389 1870 550 1954 poterant
578 1887 653 1938 eum
678 1866 847 1956 denegare
875 1883 949 1936 esse
977 1862 1199 1953 alemannum,

190 1996 389 2070 deleverunt
415 2002 452 2070 et
480 1998 654 2092 cujusdem
684 1998 800 2071 mibtis
833 1997 875 2068 de
902 1995 1047 2067 Francia
1081 2015 1200 2085 super·

189 2115 398 2221 posuemnt‚'
419 2131 506 2204 siout
532 2132 643 2204 adbuc
660 2154 680 2203 a
695 2131 927 2223 praesentibus
940 2127 1048 2201 videri
1070 2131 1196 2219 potest3

188 2285 267 2335 nam
300 2265 374 2357 ejus
414 2264 641 2357 sarcophagus
682 2271 777 2337 extra
817 2263 852 2334 in
891 2261 1014 2351 angulo
1055 2260 1198 2351 quodam

188 2397 276 2470 inter
302 2397 503 2490 majorem
531 2398 750 2470 ecelesiam
773 2401 816 2470 et
834 2393 1198 2469 sanotiJohannis

188 2528 409 2621 Baptistae
438 2530 641 2619 capellam
668 2512 778 2602 adhuc
804 2530 907 2602 hodie
935 2532 1068 2600 exstans
1095 2547 1197 2618 appa-

70 2646 73 2649 *
187 2667 258 2752 ret,
296 2661 409 2733 deleto
441 2662 520 2735 inde
554 2663 688 2735 nomine
723 2684 784 2735 suo
819 2667 856 2736 et
887 2662 1039 2753 apposito
1075 2660 1193 2733 alieno.

187 2794 243 2867 Ad
271 2794 577 2887 comprobationem
605 2801 641 2868 et
665 2795 827 2867 indicium
849 2797 1029 2884 despectus
1048 2794 1196 2868 virorum

185 2933 376 3001 nostrorum
404 2932 441 3001 et
468 2928 511 3000 ad
545 2928 870 3002 commendationem
903 2927 1096 3000 francorum
1127 2927 1195 3000 tale

186 3061 392 3153 epigramma
418 3062 460 3134 ad
486 3068 739 3135 monumentum
765 3061 930 3134 inlatere
956 3064 1052 3132 extra
1068 3060 1195 3150 legitur

187 3194 396 3286 appositum:

237 3354 352 3427 Anno
381 3359 558 3426 centeno
585 3355 758 3427 milleno
788 3375 868 3446 quo
896 3354 1030 3427 minus
1056 3373 1135 3426 uno

237 3513 417 3604 virginis
452 3533 473 3584 a
504 3519 645 3606 partu,
684 3513 869 3606 Domini,
912 3512 982 3605 qui
1021 3513 1188 3608 claruit,

287 3652 402 3746 ortu,
