2782 4290
1011 389 1076 456 243

59 584 84 636 a
109 562 237 636 dextris
262 563 297 635 in
324 565 447 652 angulo
467 570 612 656 occupat
630 566 751 662 locum,
781 586 848 656 quo
868 567 941 658 ipse
958 569 1077 642 eadem

60 701 165 770 nocte
192 697 299 770 lavit
324 699 453 789 pedes
481 700 795 791 discipulorum.
858 703 946 774 Item
980 706 1075 776 retro

59 831 171 903 aftaro
211 831 320 921 majus
355 832 399 902 ab
440 838 536 905 extra
575 834 610 904 in
643 832 715 916 alto
749 839 801 906 est
836 834 968 925 locus,
1011 855 1076 925 quo

60 967 242 1058 spiritus
267 964 507 1056 paraclitus
533 965 589 1038 die
614 970 828 1056 pentecostes
854 968 974 1040 misam
1000 965 1074 1058 fuit,

61 1102 150 1173 sicut
177 1100 379 1190 promissum
406 1104 481 1172 erat
508 1100 680 1192 apostolis.
715 1101 852 1173 Direete
874 1100 1076 1176 subjeodem

62 1233 259 1310 habitaculo
286 1233 321 1304 in
349 1232 493 1323 quadarn
520 1233 707 1324 testudine,
743 1238 873 1340 septem
900 1254 1016 1324 passus
1042 1236 1077 1305 in

63 1367 279 1457 longitndine
307 1366 453 1438 habente
481 1371 518 1438 et
546 1366 629 1438 duas
654 1386 778 1456 parvas
805 1366 973 1440 fenestras
1000 1388 1078 1440 ner-

62 1522 124 1574 uus
154 1501 352 1591 orientem,
399 1500 633 1573 tumulatus
675 1507 729 1572 est
763 1522 825 1573 rex
860 1497 1000 1576 David
1040 1507 1078 1575 et

63 1633 258 1709 Salomon
283 1633 383 1707 fihus.
425 1633 515 1705 Item
541 1635 577 1704 in
603 1632 754 1705 inferiori
781 1635 909 1707 ambitu
937 1639 990 1706 est
1016 1655 1079 1706 ca-

63 1768 202 1861 pella,
238 1768 296 1841 ubi
336 1767 513 1839 Thomas
554 1767 727 1858 apostolus
764 1766 1001 1840 certificandus
1036 1768 1079 1838 de

17 1948 20 1960 ·
64 1903 131 1977 fide
159 1902 254 1974 misit
280 1922 416 1974 manum
443 1922 537 1973 suam
564 1902 598 1973 in
625 1901 714 1974 latus
742 1900 879 1973 Christi.

146 2036 203 2110 Ah
236 2035 301 2106 hoc
332 2034 439 2123 igitur
470 2035 676 2106 monasterio
710 2034 822 2107 tendit
853 2031 1079 2125 peregrinatio

65 2175 185 2267 nostra
212 2189 333 2241 versus
361 2167 587 2240 castelium
613 2167 767 2257 David,
797 2167 887 2258 quod
911 2164 1079 2238 atumulo

68 2305 143 2398 ejus
179 2303 285 2375 distat
317 2300 480 2374 trecentis
507 2302 680 2394 octoginta
718 2301 882 2392 passibus.
945 2300 985 2370 In
1018 2299 1082 2393 hoo

66 2443 183 2511 tomen
210 2435 333 2508 itinere
360 2436 454 2527 prius
482 2436 681 2526 pervenitur
699 2435 744 2506 ad
771 2434 994 2508 ecclesiam
1021 2453 1081 2504 ar-

67 2546 293 2642 menorum.
331 2567 465 2641 Eadem
491 2569 636 2642 ecclesia
664 2573 715 2640 est
741 2568 886 2641 rotundat
913 2569 956 2639 de
975 2567 1080 2639 muris

66 2704 188 2778 ualidis
223 2707 259 2776 et
291 2703 587 2794 prostrepentibus
620 2703 845 2776 testudinibus
878 2703 1079 2790 fortissimis,

66 2840 101 2910 in
122 2838 237 2912 medio
263 2841 408 2928 quatuor
431 2838 562 2910 habens
586 2837 758 2909 columnas
785 2837 982 2928 quadratas,
1008 2836 1081 2925 nul-

66 2973 135 3045 lam
162 2972 293 3045 habens
319 2971 504 3044 fenestram
531 2971 595 3042 nisi
632 2971 667 3041 in
700 2971 872 3071 cacumine
899 2992 1001 3071 unam
1028 2991 1083 3042 ro-

67 3104 210 3177 tundam
227 3105 381 3193 vitream,
399 3086 472 3176 'sed
489 3108 661 3197 trecentas
678 3105 734 3176 vel
754 3106 869 3194 plures
896 3105 1078 3196 lampades.

68 3238 157 3313 Nam
184 3243 340 3329 tempore
367 3258 443 3309 meo
471 3237 504 3309 in
532 3257 599 3310 uno
620 3236 856 3333 (candelabro)
879 3243 1016 3310 centum
1045 3241 1082 3309 et

69 3371 198 3462 vigenti
230 3371 404 3463 lampades
436 3371 471 3442 in
500 3372 620 3444 eadem
648 3372 792 3444 ecclesia
826 3371 1004 3460 lucebant,
1047 3373 1082 3440 et

69 3509 200 3577 tantm
220 3504 434 3578 devotionem
451 3504 568 3595 populi
582 3525 750 3595 nunquam
769 3504 850 3594 vidi,
871 3523 934 3594 nec
954 3501 1080 3575 audivi:

71 3639 167 3731 cujus
206 3639 349 3709 introitu
382 3658 403 3709 a
434 3637 584 3714 sinistris
619 3639 811 3711 ostenditur
853 3638 966 3727 locus,
1013 3656 1080 3726 quo
1206 3616 1209 3627 Κ

868 3753 939 3823 16*
