2782 4290
306 395 369 464 142

303 578 543 669 decalvatione,
560 576 705 648 crinibus
724 596 841 649 eorum
862 577 999 668 abrasis,
1023 596 1107 648 aura
1125 575 1293 646 cousumt'

305 733 421 785 eorum
449 710 621 803 capitibus,
651 709 754 781 etiam
781 731 880 783 carne
915 710 1092 783 denudatis
1119 713 1156 782 et
1183 729 1253 780 non
1279 709 1313 780 iu

304 849 398 917 terra
425 844 573 934 defossis,
603 843 693 915 idem
720 844 812 916 locus
839 842 1015 919 bavariae
1044 841 1230 938 dicebatur,
1259 844 1313 915 vel

303 980 390 1070 ideo,
421 977 509 1070 quod
530 977 565 1049 in
587 997 628 1049 eo
646 977 696 1048 rei
717 976 987 1069 decalvabantur,
1007 976 1042 1049 id
1071 981 1132 1067 est,
1162 976 1312 1049 damnari

303 1113 465 1186 solebant.
521 1110 614 1182 ldem
641 1129 722 1182 vero
749 1110 854 1201 locus,
884 1113 942 1202 qui
970 1117 1006 1183 et
1032 1111 1193 1184 hebraice
1221 1107 1313 1182 Goi-

303 1248 447 1335 gaona,
478 1245 612 1316 eratin
640 1246 747 1318 veteri
774 1266 868 1340 rupe,
897 1247 984 1318 sicut
1011 1251 1046 1317 et
1073 1244 1174 1316 hodie
1191 1244 1311 1336 passim

304 1384 402 1452 extra
429 1379 583 1452 civitates
616 1379 839 1451 eminentiora
873 1379 952 1450 loca
979 1379 1144 1470 supplicio
1160 1378 1311 1481 'domna-

302 1519 414 1586 torum
441 1518 517 1585 sunt
544 1512 718 1605 deputata.
759 1513 901 1585 Interim
921 1513 1000 1584 dum
1021 1512 1057 1583 in
1082 1511 1201 1584 eadem
1227 1531 1311 1602 rupe

301 1666 364 1740 per
397 1644 588 1720 affixionem
623 1668 703 1719 crux
739 1646 973 1740 adaptaretur,
1006 1645 1168 1718 Dominus
1197 1650 1312 1717 noster

302 1784 337 1853 in
365 1781 509 1874 quodam
536 1780 623 1882 loco,
654 1782 710 1872 qui
737 1786 817 1853 tunc
845 1781 1043 1871 campestris
1058 1759 1145 1869 erat,
1176 1779 1310 1852 vinctus

302 1917 397 2009 quasi
424 1917 460 1987 in
488 1936 625 1988 carcere
659 1915 876 2006 servabatur,
913 1915 971 2007 qui
998 1914 1090 1986 locus
1118 1934 1208 1985 nunc
1237 1934 1309 1987 mo·

302 2053 381 2127 dum
408 2050 556 2142 capellae
582 2053 818 2143 repraesentat
852 2056 887 2122 et
920 2048 1030 2123 adhuc
1060 2069 1208 2123 carcer
1234 2049 1310 2123 Do·

300 2188 400 2261 mini
428 2185 635 2277 appellatur,
673 2189 709 2256 et
736 2189 802 2275 est,
818 2190 927 2256 recte
961 2184 996 2256 in
1029 2184 1185 2275 opposita
1212 2190 1309 2276 parte

301 2321 488 2412 Uolcaniae,
519 2321 554 2390 in
580 2319 716 2392 sinistra
741 2317 856 2392 absida
883 2317 1054 2391 eeclesiae.
1096 2318 1167 2390 Alii
1194 2323 1308 2392 tamen

299 2457 401 2528 aliter
444 2455 487 2527 de
529 2453 649 2529 eodem
688 2453 838 2525 sentiunt
876 2452 968 2540 loco,
1017 2451 1107 2524 sicut
1151 2474 1309 2546 praesens

299 2589 422 2663 audivi.

378 2721 459 2818 Post
484 2721 519 2792 in
546 2720 620 2791 loco
639 2720 826 2811 Calcariae,
856 2720 955 2793 Pilati
971 2721 1077 2812 jussu,
1103 2721 1306 2813 judaeorum

299 2856 458 2949 impulsu,
494 2854 672 2927 Dominum
706 2860 856 2926 nostrum
890 2855 1003 2926 tunica
1037 2859 1190 2946 exutum,
1229 2854 1307 2928 felle

300 2996 336 3064 et
378 2994 476 3064 aceto
518 2992 674 3081 potatum
708 2988 833 3059 milites
866 2989 996 3061 romani
1015 2990 1122 3071 crucis
1157 2990 1305 3083 patibulo

276 3121 484 3214 'affixerunt
515 3124 548 3194 in
576 3142 657 3213 quo,
695 3120 773 3193 dum
799 3127 973 3212 pateretur
1006 3121 1302 3215 sesnandum

297 3280 392 3333 suam
411 3258 594 3347 lohannes,
624 3256 747 3328 amicus
774 3277 863 3346 suus,
893 3258 957 3329 sibi
985 3258 1255 3330 commendatam
1272 3258 1303 3327 iu

299 3414 394 3466 suam
421 3393 550 3484 accepit
577 3390 772 3480 custodiam,
808 3396 846 3461 ut
879 3392 976 3480 virgo
1004 3392 1170 3481 virginem
1197 3397 1305 3465 custo·

296 3527 393 3620 diret,
422 3527 555 3600 dicente
581 3525 666 3600 lesu
691 3525 790 3597 matri
817 3545 916 3598 suae:
951 3523 1095 3615 Mulier,
1125 3547 1200 3599 ecce
1212 3524 1304 3615 filios

294 3665 384 3750 coos,
415 3660 740 3750 demonstrationem,
770 3665 807 3732 ut
835 3661 968 3751 quidam
991 3666 1155 3751 asserunt,
1185 3661 1229 3732 ad
1246 3658 1302 3731 Jo—
