2782 4290
1162 379 1205 447 97

191 562 315 648 crypta
342 556 471 628 habens
498 553 566 627 Vll
594 553 725 626 altaria.
779 553 896 630 Habet
923 558 1024 631 etiam
1052 581 1154 652 supra
1167 579 1204 634 se
1284 576 1287 580 “

189 691 309 764 silvam
342 709 514 779 magnam:
550 690 583 758 in
621 709 720 779 quam
759 696 911 780 cryptam
951 712 1051 764 nemo
1090 699 1203 785 potest

188 844 273 917 prae
301 822 504 896 obscuritate
523 820 738 896 tenebrarum
754 823 889 914 intrare,
920 826 980 896 nisi
1009 846 1083 899 cum
1104 827 1202 898 lumi·

188 957 329 1029 naribus
373 957 530 1029 accensis.
608 955 735 1027 [bidem
781 962 856 1027 erat
904 957 1006 1031 abbas
1054 958 1205 1032 dominus

189 1089 405 1164 Valentinus.

273 1277 335 1345 20.
363 1274 395 1345 A
423 1278 536 1345 monte
555 1273 671 1345 Aureo
688 1272 902 1363 pervenimus
920 1274 1096 1366 Romam,
1112 1277 1203 1350 intra

191 1428 291 1500 quam
331 1407 448 1478 urbem
487 1405 530 1478 ad
558 1406 758 1478 orientalem
785 1411 929 1497 partem,
959 1407 992 1479 in
1020 1409 1107 1500 loco,
1146 1413 1203 1501 qui

190 1541 314 1614 dicitur
328 1539 516 1629 Laterania
545 1541 598 1610 est
627 1537 768 1611 ecclesia
794 1539 828 1610 in
857 1537 988 1611 honore
1015 1545 1123 1614 sancti
1142 1543 1203 1616 Jo-

189 1675 310 1748 haunis
343 1672 519 1763 Baptistae
556 1671 642 1744 bene
676 1671 873 1762 composita,
902 1673 958 1744 ubi
986 1679 1038 1745 est
1064 1677 1202 1767 propria

190 1808 289 1879 sedes
314 1805 552 1896 apostolorum.
590 1803 719 1876 Ibidem
747 1804 852 1876 etiam
880 1824 1078 1898 unaquaque
1105 1813 1203 1880 nocte

191 1938 392 2012 deferuntur
419 1939 531 2010 claves
558 1937 601 2008 ad
629 1935 848 2026 apostolicum
868 1939 910 2010 de
938 1941 1095 2011 universa
1121 1941 1202 2011 civi·

190 2080 272 2145 tate.
318 2071 374 2143 Ad
402 2070 647 2143 eamdentalom
674 2074 789 2142 autem
818 2075 948 2161 partem
976 2072 1066 2181 beati
1093 2070 1201 2160 Petri,

190 2191 352 2298 principis
380 2205 623 2294 apostolorum,
653 2209 705 2276 est
721 2203 873 2293 ecclesia,
890 2203 947 2276 ubi
966 2205 1036 2296 ipse
1051 2204 1203 2295 requies·

152 2430 156 2438 ·
191 2340 249 2430 cit,
280 2340 333 2412 cui
361 2339 394 2408 in
423 2336 653 2426 magnitudine
682 2356 749 2407 non
777 2340 829 2407 est
856 2336 971 2408 similis
998 2336 1141 2409 ecclesia
1168 2338 1202 2407 in

190 2473 350 2544 universa
392 2475 502 2544 terra:
541 2489 628 2560 qnae
672 2469 824 2541 eontinet
865 2468 968 2540 etiam
1005 2473 1202 2542 ornamenta
1261 2526 1268 2537 .

189 2604 337 2678 diversa.
381 2603 419 2675 ln
446 2603 510 2674 hac
537 2602 639 2674 etiam
676 2601 850 2693 praedicta
883 2601 969 2673 urbe
1009 2603 1201 2674 innumera·

188 2737 277 2809 bilia
299 2756 444 2828 corpora
470 2740 660 2807 sanctornm
694 2735 917 2834 requiescunt.

271 2925 334 2993 21.
370 2919 409 2991 In
435 2920 499 2992 hac
526 2919 627 2992 etiam
654 2919 737 2992 urbe
764 2919 912 3010 separati
939 2937 1053 2989 sumus
1081 2916 1124 2987 ab
1151 2917 1203 2987 in·

188 3056 313 3143 vicem3
349 3072 412 3143 ego
448 3074 530 3126 vero
564 3057 684 3144 postea
718 3053 795 3125 veni
829 3050 872 3122 ad
908 3053 1095 3123 sanctum
1130 3047 1199 3120 Mi-

187 3189 349 3262 chalem
377 3185 553 3258 adduas
581 3184 756 3274 tumbas,
784 3183 842 3274 qui
868 3183 962 3254 locus
990 3185 1043 3252 est
1069 3182 1153 3253 situs
1166 3181 1201 3252 in

187 3325 315 3410 monte,
345 3319 403 3410 qui
431 3318 614 3411 porrigitur
641 3318 675 3388 in
703 3336 795 3388 mare
821 3337 884 3407 per
912 3314 995 3385 duas
1009 3313 1132 3384 leucas.
1161 3310 1199 3380 ln

186 3453 378 3526 summitate
412 3452 513 3544 hujus
546 3449 670 3521 montis
704 3452 758 3518 est
793 3448 974 3518 ecclesia
1009 3446 1042 3514 in
1070 3443 1199 3513 honore

186 3586 325 3658 sancti
358 3582 597 3672 Michaelis,
638 3585 674 3651 et
707 3581 742 3650 in
776 3580 919 3650 circuitu
953 3575 1041 3678 illius
1075 3573 1200 3644 montis

989 3720 1007 3785 7
