2782 4290
305 419 371 486 270

307 623 373 690 oue,
402 606 438 671 et
457 620 553 670 mons
574 598 694 690 Libani
716 599 749 668 in
772 619 812 671 ea
831 597 1004 688 preclarus
1024 597 1176 670 habetur.
1232 594 1323 702 *Tota

307 739 419 805 autem
454 738 549 805 terra
583 754 603 803 a
636 732 730 821 Tigri
765 732 867 804 duvio
903 753 1007 822 usque
1048 731 1092 802 ad
1126 729 1321 820 Aegyptum

307 868 515 956 generaliter
556 866 652 957 Syria
692 872 911 958 nuncupatur.
968 865 1052 936 Pars
1091 867 1207 934 tamen
1251 863 1323 953 ejus

306 1003 425 1093 prima,
455 1022 542 1091 quae
571 1007 624 1073 est
651 1002 742 1072 iuter
758 1000 876 1073 duvios
894 999 1093 1089 Euphraten
1122 1001 1158 1069 et
1184 996 1321 1086 Tigrim,

306 1134 521 1226 protenditur
553 1155 615 1225 per
648 1134 783 1221 longum
821 1136 863 1206 ab
898 1133 1055 1223 aquilone
1090 1132 1125 1208 in
1159 1135 1320 1218 austrum,

306 1271 371 1342 hoc
399 1274 465 1357 est,
500 1287 521 1338 a
552 1273 665 1338 monte
693 1267 805 1339 Tauro
833 1289 939 1357 usque
967 1266 1010 1337 ad
1036 1286 1130 1337 mare
1158 1264 1320 1350 Rubrum,

308 1410 344 1475 et
382 1403 574 1494 appellatur
615 1400 864 1490 Mesopotamia
903 1399 1037 1490 Syriae,
1078 1398 1173 1489 quasi
1213 1397 1350 1482 media

307 1539 395 1608 inter
422 1557 540 1627 aquas,
579 1538 613 1606 et
640 1535 744 1608 habet
771 1541 891 1624 gentes
923 1535 1059 1623 multas,
1095 1538 1135 1604 ut
1169 1530 1318 1623 parthos

308 1671 442 1756 medos,
483 1669 600 1759 quibus
641 1669 684 1739 ab
726 1674 842 1740 austro
884 1669 1100 1759 conjungitur
1138 1665 1319 1738 Chaldaea.

309 1802 441 1875 Deinde
479 1805 547 1874 itur
573 1803 807 1891 Antiochiam,
844 1803 899 1875 ubi
934 1823 1048 1873 omnes
1081 1801 1216 1889 fideles,
1264 1800 1321 1890 qui

307 1939 400 2028 prius
428 1940 636 2010 vocabantur
662 1937 812 2027 galilaei,
843 1937 1017 2008 christiani
1045 1936 1204 2026 appellati
1233 1938 1318 2020 sunt,

303 2072 364 2179 ‘qui
392 2094 480 2142 nuno
509 2093 530 2142 a
563 2072 750 2142 sarracenis
786 2072 922 2142 nasrani
959 2074 1132 2141 vocantur.
1188 2068 1319 2141 Ibidem

308 2206 469 2277 cathedra
485 2205 585 2277 beati
600 2205 695 2276 Petri
722 2203 796 2293 fuit,
826 2206 868 2276 de
892 2225 958 2296 qua
980 2208 1015 2276 et
1033 2201 1194 2275 Gallenus
1223 2207 1321 2272 natus

308 2345 371 2430 est,
401 2340 457 2430 qm
484 2343 640 2429 nepotem
659 2359 755 2409 suum
775 2338 904 2410 Lucam
928 2338 1182 2426 Evangelistam
1207 2335 1320 2408 docuit
1365 2364 1387 2435 ς

189 2478 194 2484 ”
307 2473 515 2544 medicinam.
538 2493 540 2495 ’
562 2472 657 2544 Haec
685 2472 802 2543 civitas
830 2472 920 2543 diota
948 2475 1021 2541 erat
1050 2469 1184 2542 Riblata
1216 2490 1319 2560 usque

308 2606 350 2677 ad
378 2611 509 2697 tempus
535 2605 624 2693 regis
651 2605 820 2708 Antioobi.
866 2607 1004 2697 lnipso
1031 2604 1167 2676 exordio
1200 2603 1320 2674 Coele-

308 2738 417 2828 syriae
446 2758 562 2810 versus
590 2736 843 2835 (occidentem)
871 2707 921 2811 est
955 2739 1071 2811 civitas
1098 2737 1240 2826 TursuS,
1278 2737 1319 2807 de

308 2893 376 2960 qua
402 2871 469 2942 fuit
496 2878 630 2943 sanetus
657 2872 792 2944 Paulus.

386 3005 473 3078 Item
512 3006 554 3077 ab
594 3005 712 3076 Aehon
751 3007 926 3097 praedicta
966 3008 1119 3096 civitate,
1171 3009 1320 3097 quinque

307 3139 460 3212 milliaria
488 3161 605 3211 versus
633 3139 807 3231 orientem,
844 3141 982 3213 videtur
1010 3140 1180 3233 quoddam
1209 3141 1319 3214 casale

308 3275 431 3348 dietum
459 3272 636 3344 Saudsorti
665 3273 830 3370 (Sancti
860 3253 1064 3367 Georgii).
1106 3275 1254 3365 Ibidem,
1284 3281 1319 3347 ut

308 3410 449 3498 dieitur,
485 3413 581 3478 natus
609 3405 672 3479 fuit
698 3389 821 3479 beatus
848 3408 1076 3498 Hieronymus
1110 3405 1318 3501 (Georgius).

308 3543 391 3615 Inde
405 3541 450 3614 ad
463 3545 614 3612 austrum
632 3546 684 3611 est
698 3541 818 3613 civitas
837 3540 1019 3631 Naason,
1040 3542 1082 3612 de
1104 3564 1171 3632 qua
1198 3544 1321 3632 legitur

244 3673 248 3684 '
307 3677 341 3746 in
370 3675 486 3746 Tobia.
543 3672 676 3775 Deinde
709 3673 752 3744 ad
786 3674 868 3777 dues
903 3675 1017 3746 leucas
1045 3679 1096 3746 ost
1123 3675 1319 3749 Dothaim
