2782 4290
1144 401 1207 465 271

132 617 135 622 ·
191 583 255 655 sub
283 587 399 653 monte
425 579 620 670 Betbuliae,
660 602 760 671 quam
788 580 990 653 Holofemes
1018 580 1125 652 uoluit
1152 603 1209 653 ex-

147 805 151 812 ,
190 735 356 808 pugnare.
391 714 445 786 De
458 713 592 786 Nasson
609 714 653 786 ad
671 715 754 786 duas
773 714 889 786 leucas
906 721 1026 786 eontra
1044 715 1208 786 orientem

191 855 228 921 et
255 850 300 921 de
322 847 486 919 Dothaim
514 853 584 920 tres
611 848 722 918 leucas
750 853 802 918 est
830 845 1062 937 Neptalim,
1091 818 1237 920 civitas·

191 982 334 1071 Tobiae,
365 980 572 1071 quaefacta
600 987 651 1051 est
678 979 762 1051 siout
790 982 909 1052 casale.
959 979 1011 1051 De
1039 980 1072 1050 N
1074 981 1209 1071 eptalim

191 1111 340 1207 quatuor
351 1115 468 1185 leucas
490 1120 607 1186 eontra
621 1115 787 1185 orientem
806 1134 909 1203 supra
924 1134 1017 1184 mare
1036 1113 1208 1185 Galilaeae

191 1254 242 1321 est
268 1247 520 1338 Bethsaida,
551 1249 671 1319 civitas
686 1247 846 1317 Andreae
866 1254 901 1319 et
915 1245 1019 1317 Petri.
1056 1245 1137 1317 Inde
1165 1247 1209 1318 ad

191 1381 273 1453 duas
289 1382 404 1453 leucas
422 1386 541 1452 contra
556 1388 706 1452 austrum
722 1386 774 1451 est
792 1379 1020 1468 Magdalon
1033 1381 1208 1452 castellum

191 1537 294 1606 supra
320 1536 414 1585 mare
441 1513 632 1604 Galilaeae,
668 1513 756 1585 uude
783 1510 991 1602 Magdaleua
1019 1515 1110 1586 dieta
1142 1519 1206 1586 est.

190 1649 242 1721 De
270 1648 460 1721 Bethsaida
490 1670 552 1739 per
585 1669 685 1718 uuam
723 1646 853 1726 leucam
888 1654 1007 1719 eontra
1041 1651 1209 1719 orientem

191 1788 242 1855 est
269 1782 382 1871 locuS,
419 1802 483 1872 quo
519 1781 675 1853 Christus
708 1780 818 1853 stetit.
839 1781 872 1850 iu
900 1781 1013 1852 littore
1048 1788 1084 1853 et
1124 1783 1208 1853 dixit

190 1922 323 2006 septem
358 1915 541 2004 discipulis:
576 1912 701 2002 Pueri,
734 1935 911 2004 uunquam
939 1915 1208 2002 pulmentarium

189 2049 340 2120 lutetia
369 2048 465 2139 eujus
492 2047 634 2136 vestigia
662 2047 695 2117 in
724 2046 834 2136 lapide
863 2047 1030 2118 videntur.
1071 2048 1205 2120 Deinde

191 2189 309 2254 contra
324 2182 491 2253 orientem
511 2186 565 2254 est
579 2168 890 2270 Kapharnaum,
912 2181 1029 2269 inqua
1050 2181 1221 2278 Christus·

189 2318 294 2388 multa
327 2316 490 2388 miracula
524 2318 686 2405 operatus
721 2319 782 2385 est.
828 2312 935 2384 llllath.
965 2331 1014 2384 xl.
1083 2314 1207 2387 Postea

188 2473 250 2541 per
264 2451 348 2522 duas
363 2450 479 2520 leucas
491 2469 609 2520 versus
632 2448 796 2519 orientem
810 2445 980 2518 Jordanus
997 2449 1100 2519 intrat
1111 2470 1203 2520 mare

190 2584 379 2672 Galilaeae,
406 2561 450 2653 'iu
483 2583 576 2673 cujus
610 2578 722 2651 altiori
755 2581 873 2651 littore
905 2581 1061 2654 videntur
1087 2584 1204 2654 ruinae

191 2717 441 2789 Chorosain.
498 2717 535 2786 ln
561 2715 625 2785 hoo
653 2715 729 2786 looo
758 2715 874 2805 incipit
902 2737 1055 2788 aseensus
1082 2719 1205 2789 montis

189 2850 296 2922 Sanir.
336 2848 390 2920 De
408 2847 596 2919 Chorosain
619 2852 764 2938 quatuor
782 2849 894 2920 leucas
907 2857 1023 2921 eontra
1041 2852 1205 2922 orientem

189 2992 240 3057 est
267 2982 420 3073 Gedar,
451 2982 567 3054 civitas
595 2981 763 3072 quondam
791 2982 876 3053 bene
904 2985 1045 3055 munita.
1090 2986 1203 3058 Unde:

186 3116 359 3188 Hubiluoi
398 3137 474 3187 eum
521 3114 750 3186 habitantibus
796 3111 921 3186 Cadur.
990 3084 1045 3190 Ab
1085 3119 1203 3189 Aokon

187 3257 336 3343 quatuor
363 3251 478 3321 leucas
506 3269 623 3320 versus
653 3249 815 3319 orientem
841 3253 894 3320 est
922 3247 1062 3322 Chaua
1078 3251 1204 3323 ‘Gali-

185 3386 327 3473 laeae,
369 3383 427 3455 ubi
457 3382 610 3453 Christum
649 3403 769 3472 aquam
803 3382 971 3453 convertit
1004 3385 1037 3455 in
1079 3386 1201 3457 vinum.

184 3517 300 3589 Locus
317 3518 510 3608 nuptiarum
528 3521 579 3588 est
597 3517 715 3607 erippa
742 3513 896 3609 (crypta)
916 3516 950 3585 in
971 3537 1049 3587 sano
1073 3525 1202 3608 cavata,

187 3671 275 3749 quae
306 3670 433 3743 paucos
454 3649 546 3738 rapit
565 3648 726 3736 homines,
757 3655 791 3719 et
810 3649 996 3720 ostenditur
1015 3650 1115 3740 loona,
1134 3653 1203 3729 ‘ubi
