2782 4290
1135 375 1198 441 179

184 561 223 629 et
255 554 341 627 Bala
372 554 428 627 vel
460 553 551 625 Zara
585 556 742 648 vocatur,
780 553 897 644 quinta
929 551 971 624 de
1005 551 1197 629 civitatibus

186 689 264 780 illis,
293 687 451 780 precibus
470 687 561 758 Loth
587 686 630 758 de
657 687 878 759 subversione
905 691 1090 779 reseruata,
1113 711 1199 781 quae

187 845 295 915 usque
322 843 412 893 nunc
441 821 645 912 ostenditur,
674 827 710 892 et
738 820 838 891 modo
866 819 1036 891 Palmaria
1063 822 1198 896 dicitur.

188 960 231 1031 In
271 958 361 1029 exitu
393 954 503 1044 segor
536 977 618 1026 uxor
651 955 743 1026 Lotlr
776 955 811 1024 in
843 955 921 1025 salis
949 952 1101 1042 effigiem
1135 956 1201 1029 fuit

125 1094 127 1097 ’
189 1095 338 1181 mutata,
367 1090 463 1182 cujus
490 1089 598 1160 adhuc
624 1093 788 1179 apparent
814 1088 965 1176 vestigia.
1020 1087 1129 1179 Supra
1155 1093 1202 1163 ri·

189 1247 270 1317 pom
296 1224 397 1297 maris
429 1222 596 1313 praedicti
630 1223 769 1294 multum
802 1222 957 1294 aluminis
990 1227 1026 1293 et
1060 1224 1201 1296 multum

190 1337 322 1432 cutroni
357 1357 400 1428 ab
435 1357 553 1428 ineolis
588 1357 757 1448 reperitur
795 1363 830 1427 et
868 1356 1050 1446 colligitur,
1095 1363 1130 1430 et
1163 1379 1203 1429 ex

189 1493 279 1571 mari
311 1468 494 1564 bitumen
531 1490 739 1580 extrahitur,
780 1490 870 1580 quod
900 1489 1111 1581 judaicum
1144 1514 1203 1584 ap·
1325 1547 1330 1558 .

189 1626 354 1716 pellatur,
383 1624 495 1695 multis
523 1623 759 1695 necessarium.
816 1622 925 1713 Segor
952 1628 1067 1695 autem
1100 1626 1202 1698 modo

189 1781 211 1832 a
238 1723 468 1849 compatriotis
496 1758 655 1848 oppidum
683 1757 818 1828 Palmae
847 1761 998 1828 vocatur.

273 1892 381 1984 Supra
407 1892 518 1966 lacum
537 1889 772 1983 Asphaltitem
802 1889 835 1959 in
863 1890 1024 1963 descensu
1044 1894 1201 1985 Arabiae,

190 2026 391 2098 Karnaim
417 2026 577 2115 spelunca
595 2025 628 2095 in
654 2030 772 2095 monte·
795 2026 1026 2116 moabitarum,
1050 2027 1083 2096 in
1103 2049 1203 2118 quem

144 2247 149 2253 .
189 2161 312 2251 Baloc,
355 2159 442 2231 filius
479 2158 586 2249 Beor,
623 2158 774 2230 divinum
808 2157 946 2229 Balaam
983 2158 1119 2230 adduxit
1160 2162 1204 2233 ad

188 2278 456 2366 nmledicendum
490 2291 567 2364 liliis
594 2292 715 2364 lsrael:
757 2291 813 2380 qui
846 2295 991 2382 propter
1026 2294 1205 2367 vehemens

190 2433 415 2518 praeruptum
455 2426 581 2497 excisus
615 2430 797 2505 vocatur.¹
838 2424 948 2496 Lacus
993 2425 1203 2515 Asphaltites

189 2562 359 2637 Judaeum
393 2561 512 2633 dividit
546 2566 580 2630 et
612 2558 819 2630 Arabiam.
885 2559 1012 2630 Arabia
1053 2565 1204 2653 tempore

191 2696 342 2769 filiorum
373 2694 479 2766 lsrael
518 2693 662 2766 solitudo
697 2699 787 2782 erat,
832 2692 1017 2784 desertum,
1061 2715 1203 2786 eremum,

192 2836 290 2902 terra
316 2828 406 2900 invia
442 2833 479 2899 et
512 2828 685 2917 inaquosa.
750 2826 789 2896 ln
818 2846 859 2897 ea
892 2826 1026 2915 quidem
1059 2829 1206 2900 detinuit

195 2985 255 3036 cos
271 2961 435 3033 Dominus
462 2961 556 3031 annis
584 2959 822 3050 quadraginta3
850 2979 973 3030 manna
998 2961 1116 3050 pluens
1143 2964 1207 3038 illis

194 3097 239 3168 ad
266 3094 546 3183 manducandum,
576 3114 664 3184 aqua
690 3093 733 3173 de
761 3112 846 3180 rupe
872 3092 1044 3182 producta.

275 3229 315 3303 ln
344 3227 612 3315 Arubiapmons
639 3225 773 3316 Sinai,
810 3225 842 3295 in
871 3246 936 3315 quo
963 3227 1090 3302 Moises
1126 3250 1206 3319 qua-

196 3363 352 3454 draginta
396 3359 514 3432 diebus
554 3359 762 3449 totidemque
803 3358 955 3432 noctibus
996 3362 1101 3432 totius
1142 3362 1207 3433 eibi
1318 3411 1320 3416 -

197 3517 318 3586 expers
344 3498 496 3565 moratus
522 3492 595 3585 fuit,
625 3494 659 3564 in
686 3513 752 3583 quo
777 3491 942 3564 Dominus
970 3493 1070 3565 Moisi
1097 3494 1207 3581 legem

199 3630 292 3711 dedit
325 3627 463 3719 proprio
498 3626 602 3717 digito
643 3648 703 3698 suo
742 3627 903 3717 scriptam
936 3627 969 3697 in
1009 3627 1132 3698 tabulis
1158 3628 1204 3698 la·

997 3746 1062 3812 12*
