2782 4290
290 408 354 477 278

290 591 326 661 ln
360 588 544 660 Phoenicia
585 593 637 660 θεῖ
679 587 759 658 urbs
799 586 940 676 Tyrus.
1013 587 1053 656 ln
1085 587 1211 658 Arabia
1249 591 1301 657 θεῖ

291 722 416 794 vallis
455 719 592 812 licini,
636 722 671 792 in
713 741 778 811 qua
816 721 985 811 percussit
1029 720 1153 792 silicem
1196 741 1300 810 aquas

290 855 459 926 fluentem.
526 854 563 926 ln
596 853 725 925 Arabia
760 855 811 923 est
845 873 957 923 rncns
992 851 1121 942 Sinai,
1162 853 1196 921 in
1236 874 1300 943 qua

289 987 345 1060 lex
372 986 435 1059 fuit
462 986 540 1057 data
568 985 681 1064 Mcisi,
736 984 776 1055 ln
802 983 930 1057 Arabia
959 990 1012 1056 θεῖ
1038 1005 1148 1075 mann,
1178 985 1213 1055 in
1234 1007 1300 1075 quo

290 1120 484 1210 sepultus
512 1124 562 1190 θεῖ
589 1117 739 1195 Aaron,
779 1118 815 1188 ln
843 1117 969 1190 Arabia
997 1124 1047 1190 est
1074 1139 1169 1188 mons
1196 1118 1300 1190 Aba·

288 1253 378 1343 rim,
409 1272 475 1342 qun
496 1250 659 1324 Dominus
673 1252 809 1325 Mcisen
837 1251 1000 1342 sepelivit,
1031 1252 1105 1344 ejus
1133 1272 1300 1341 nunquam

289 1374 474 1478 apparente
502 1385 644 1456 turnulo.
699 1386 737 1457 ln
766 1384 893 1490 Arabia
921 1389 973 1455 est
1000 1384 1104 1474 locun,
1134 1383 1191 1474 qui
1220 1382 1301 1468 dici-

287 1523 345 1590 tur
371 1522 494 1608 petra
520 1517 690 1589 Deserti
717 1519 788 1590 sive
816 1539 911 1589 ruens
939 1516 1085 1605 Regalis.
1145 1517 1231 1605 Reg.
1251 1520 1297 1613 ι7.

288 1651 326 1722 ln
358 1651 436 1721 lucc
471 1651 602 1722 excelso
642 1652 730 1723 ultra
763 1650 961 1740 Jordanenr,
999 1651 1099 1740 juxta
1133 1650 1301 1720 civitatem

291 1784 423 1857 Rabath
458 1783 602 1863 filiorum
630 1783 787 1874 Ammon,
825 1785 858 1855 in
897 1785 961 1856 fine
995 1783 1121 1855 Terrae
1156 1782 1299 1854 Sanctae

257 1916 352 2020 ⁴fnit
391 1916 628 2006 castellum,
669 1918 797 1988 scilicet
836 1922 952 2008 petra
995 1917 1181 2006 Deserti,
1220 1915 1299 1986 satis

288 2049 429 2141 firmum,
458 2050 550 2141 qnod
577 2051 778 2140 BaldninuS,
808 2052 937 2141 primus
965 2073 1027 2121 rex
1054 2051 1236 2121 latinorum
1265 2050 1297 2118 in

290 2184 490 2275 Jerusalem,
519 2184 561 2256 ad
588 2184 748 2256 tuendum
774 2205 914 2273 regnum
942 2184 1136 2255 construxit.

627 2393 671 2458 De
694 2394 784 2459 terra
807 2393 957 2476 Aegypti.

369 2583 586 2673 Aegyptus
621 2589 673 2655 θεῖ
710 2591 802 2656 terra
840 2585 940 2673 plana
981 2590 1015 2655 et
1053 2584 1176 2672 calida,
1220 2605 1297 2654 raro

289 2714 416 2786 habens
449 2716 613 2806 pluviam,
648 2717 707 2789 sed
742 2718 902 2806 irrigatur
939 2739 1001 2807 per
1033 2717 1171 2789 fiuvium
1201 2716 1296 2806 Giun,

287 2847 344 2938 qui
372 2853 406 2917 θῖ
432 2847 555 2920 Nilus
589 2849 720 2921 (licitur.
778 2851 844 2921 Hic
876 2849 997 2922 fluvius
1030 2855 1161 2940 septern
1196 2851 1300 2922 habet

288 2981 424 3053 brachia
450 3003 514 3072 per
542 2983 692 3056 diversas
718 2990 835 3074 partes
864 2984 1097 3055 discurrentia.
1144 2985 1210 3055 Hic
1238 2985 1300 3055 llu-

287 3116 361 3187 vius
388 3116 493 3186 nutrit
513 3137 617 3207 equos
645 3118 823 3189 indomitos
852 3123 885 3187 θῖ
908 3116 1124 3206 knkndrill0S‚
1156 3139 1300 3208 quornm

291 3268 356 3318 nnn
376 3254 612 3339 annumeras,
643 3251 700 3342 qui
728 3250 770 3320 ad
797 3250 932 3321 modurn
959 3251 1105 3322 lacertae
1135 3256 1214 3321 sunt
1232 3249 1299 3322 for-

288 3382 384 3471 mati,
415 3387 562 3473 quatuor
588 3384 693 3473 pedes
721 3383 900 3474 habenteS,
931 3390 967 3455 et
995 3404 1093 3455 crura
1120 3404 1241 3472 grossa
1268 3391 1301 3455 θῖ

289 3519 401 3605 curta,
436 3535 566 3604 ungues
599 3503 717 3588 acutos
758 3521 795 3588 ut
823 3540 918 3588 ursus
952 3523 986 3589 et
1015 3523 1116 3608 caput
1144 3518 1228 3590 sicut
1254 3520 1301 3588 la-

289 3652 393 3717 certa.
451 3647 504 3720 De
533 3670 599 3740 qua
627 3649 744 3745 (aqua)
773 3650 973 3741 quandoque
1001 3651 1046 3722 ad
1073 3652 1178 3722 sulem
1206 3670 1301 3742 egre·
