2782 4290
1137 417 1196 482 181

188 588 370 678 temporis,
405 609 479 658 eum
507 594 617 660 mater
643 589 726 661 Jesu
753 591 889 662 Maria
916 591 1091 683 festinans,
1130 595 1202 686 jam

188 724 318 795 habens
344 723 379 793 in
412 727 512 795 utero
539 722 642 793 filium
672 722 754 812 Dei,
790 725 883 796 venit
915 726 964 796 ad
991 728 1201 803 salutandum

188 856 430 945 Elisabeth,
474 861 649 944 cognatam
688 877 798 944 suam,
841 858 1014 946 gravidam
1055 861 1097 931 de
1132 860 1194 934 Jo-

186 991 319 1080 hanne,
352 987 423 1060 filio
457 1010 536 1079 suo,
571 1011 670 1079 quem
704 994 740 1061 et
773 990 820 1060 ibi
851 995 966 1062 natum
993 991 1095 1065 fuisse
1123 1015 1200 1082 per-

187 1125 316 1196 hibent.

267 1253 372 1327 Sexto
417 1256 574 1328 milliario
613 1256 656 1327 ab
697 1254 901 1347 Jerusalem,
943 1264 1061 1330 eontra
1100 1260 1200 1332 meri-

187 1392 289 1480 diem,
321 1389 387 1479 via,
417 1409 502 1479 quae
531 1390 625 1462 ducit
646 1389 826 1480 Ramatha,
855 1412 950 1463 mons
966 1391 1129 1483 Modin,
1158 1415 1200 1467 ex

185 1545 253 1615 quo
284 1522 508 1611 Mathathias,
537 1528 637 1612 pater
665 1523 960 1616 Machabaeorum,
989 1527 1040 1597 in,
1054 1546 1120 1616 quo
1147 1549 1199 1599 se·

184 1659 272 1752 pulti
293 1658 480 1749 quieseunt,
497 1656 605 1728 adhuc
621 1658 861 1749 apparentibus
880 1661 1025 1731 tumulis.
1065 1658 1198 1732 Octavo

185 1792 345 1864 milliario
366 1811 386 1860 a
408 1789 536 1880 Modin,
558 1791 623 1881 via,
646 1811 733 1882 quae
755 1792 848 1863 ducit
862 1793 1006 1883 ioppen,
1036 1793 1200 1884 Lydda,

186 1947 275 2018 quae
312 1930 349 1996 et
389 1923 579 2015 Diospolis,
615 1925 650 1996 in
683 1946 749 2015 qua
783 1946 902 2017 eorpus
935 1926 1028 1998 beati
1062 1925 1202 2014 Georgii

187 2061 362 2151 sepultum
389 2057 490 2129 fuisse
517 2057 765 2154 manifestatur,
794 2060 949 2130 milliario
976 2079 997 2130 a
1024 2058 1202 2130 Ramatha.

266 2193 372 2265 Sexto
394 2191 522 2263 decimo
544 2191 700 2262 milliario
718 2213 738 2262 a
758 2199 871 2263 monte
897 2190 1053 2262 Carmelo
1082 2194 1199 2261 eontra

188 2326 368 2400 meridiem
398 2324 607 2397 Caesarea
632 2325 879 2398 Palaestina
905 2324 1124 2413 metropolis,
1164 2345 1203 2393 ox

187 2484 253 2554 qua
292 2459 470 2533 Cornelius
512 2460 685 2549 centurio,
728 2480 827 2550 quem
864 2458 899 2528 in
938 2478 978 2528 ea
1019 2456 1204 2547 baptizavit

187 2598 309 2669 beatus
334 2593 466 2665 'Petrus
508 2599 543 2663 et
580 2593 708 2666 creavit
745 2593 953 2683 episcopum:
996 2592 1031 2662 in
1066 2611 1131 2680 qua
1171 2594 1206 2661 et

188 2729 292 2802 turris
320 2726 507 2817 Stratonis,
536 2727 570 2798 in
599 2747 665 2817 qua
691 2724 849 2798 Herodes
876 2730 993 2796 contra
1020 2723 1206 2797 adventum

154 2919 155 2922 ,
189 2863 337 2952 Augusti
361 2861 546 2948 construxit
574 2860 617 2931 de
644 2860 721 2931 albo
748 2879 915 2930 marmore
943 2861 1090 2946 portum.
1130 2856 1205 2946 Ipse

189 2995 348 3071 Herodes
385 2994 521 3085 turrim,
563 3014 650 3083 quae
685 2991 930 3081 Hierosolymis
963 2990 1204 3081 supereminet,

192 3151 278 3222 quae
314 3132 352 3200 et
386 3128 489 3200 turris
515 3127 629 3199 David
655 3126 796 3216 dicitur,
830 3123 980 3213 Josepho
1009 3128 1203 3210 attestante,

191 3261 372 3337 fabricavit
399 3280 541 3352 eamque
569 3259 750 3332 Antoniam
779 3256 923 3362 vocavit,

272 3394 407 3468 Octavo
435 3394 590 3466 milliario
617 3413 639 3465 a
665 3391 838 3464 Nazareth
872 3396 987 3463 contra
1015 3385 1207 3458 Carmelum

195 3531 300 3602 Kain
340 3549 478 3618 mons,
520 3527 563 3599 ad
601 3526 695 3618 cujus
733 3495 898 3614 radicem,
930 3523 1030 3614 juxta
1066 3518 1205 3606 fontem,

197 3663 361 3754 Lamech,
400 3665 500 3753 pater
536 3658 628 3750 Noe,
670 3679 731 3731 sua
770 3658 898 3747 sagitta
937 3652 1082 3746 peremit
1119 3649 1208 3722 Kain
