2782 4290
290 445 354 508 228

291 623 426 695 domum
451 621 552 711 regis.
592 618 753 693 Ducebat
779 624 893 691 autem
921 619 964 691 ali
990 617 1121 692 lentem
1149 618 1238 691 Silue
1267 623 1302 691 et

290 754 335 828 ad
360 754 484 828 vallem
510 754 656 826 filiorum
681 752 805 825 Enncn
843 757 878 825 et
904 752 949 824 ad
974 750 1105 825 iontem
1131 751 1242 842 Regel
1270 756 1304 823 et

290 888 335 961 nd
362 908 482 978 agrum
507 887 765 961 Acheldemach.
821 887 900 958 Non
928 884 1039 977 credo,
1070 885 1162 976 quod
1188 886 1303 978 plures

291 1025 410 1114 portas
436 1022 512 1113 ipsa
538 1022 657 1095 civitas
685 1020 854 1112 habuerit,
885 1020 965 1111 quia
991 1018 1178 1092 secundum
1205 1020 1303 1093 situm

290 1176 389 1230 suum
421 1155 537 1246 plures
570 1175 637 1226 non
673 1157 770 1225 erant
802 1154 1026 1226 necessariae.
1089 1151 1301 1227 Celebricres

162 1378 168 1384 .
291 1293 405 1362 tamen
439 1289 475 1360 in
507 1288 560 1361 his
588 1294 666 1360 sunt
693 1291 765 1359 tres
799 1287 907 1360 exitus
941 1291 1133 1379 portarum,
1172 1288 1303 1360 scilicet

292 1422 411 1515 prima,
440 1422 543 1494 tertia
571 1427 606 1493 et
625 1426 748 1512 quarta
774 1421 864 1492 inter
892 1426 968 1493 ecto
990 1422 1063 1514 jam
1080 1442 1220 1494 enumer
1240 1426 1300 1493 tas.

290 1556 325 1629 A
350 1555 490 1627 meridie
518 1560 630 1627 autem
664 1561 699 1627 et
732 1555 888 1647 aquilone
915 1556 1040 1628 mantis
1074 1554 1155 1628 Sion
1182 1576 1300 1646 super-

292 1688 407 1761 cilium
440 1690 673 1779 supereminet
709 1689 855 1780 civitati,
886 1695 921 1761 et
948 1709 990 1762 ea
1025 1709 1104 1780 pars
1131 1710 1303 1762 murorum

291 1822 533 1914 circumpositis
552 1823 701 1895 turribus
725 1823 834 1895 nullas
853 1823 980 1895 habere
1000 1828 1118 1912 portas
1146 1843 1301 1913 compro·

176 1958 182 1971 ’
290 1956 401 2057 batur.

369 2089 458 2163 Ecce
473 2089 591 2163 civitas
617 2092 709 2180 regis
729 2091 853 2182 magui,
874 2111 975 2183 quam
996 2089 1177 2163 universae
1199 2091 1305 2163 eccle-

290 2227 361 2299 siae
387 2244 572 2318 personare
604 2245 672 2296 non
706 2224 892 2297 sufficiunt:
930 2225 964 2296 in
1000 2224 1099 2317 cujus
1131 2245 1305 2296 murorum

293 2359 421 2432 ambitu
463 2358 638 2448 octoginta
677 2363 747 2430 tres
781 2342 909 2431 turres
932 2364 968 2431 et
1005 2362 1138 2448 septem
1176 2358 1307 2430 munite

292 2499 403 2565 castre
428 2491 582 2582 luerunt,
620 2512 763 2583 quorum
790 2492 933 2582 vestigia
959 2492 1100 2564 maxime
1133 2490 1177 2562 ad
1205 2491 1304 2582 aqui-

290 2625 402 2698 lonem
429 2625 540 2697 adhue
569 2631 647 2697 sunt
672 2624 859 2697 manifesta.
917 2624 1078 2718 Sequitur

222 2884 225 2890 ·
291 2849 375 2918 Orda
412 2851 682 2936 peregrinationis
718 2851 864 2918 civitatis
892 2849 1068 2918 Jerusalem
1105 2851 1138 2918 at
1168 2851 1306 2918 alierum

656 2957 795 3026 lucorum
817 2957 942 3026 ibidem.

369 3159 468 3232 Foris
495 3160 694 3250 templum
721 3159 939 3251 sepulchri
965 3159 1069 3233 sancti
1098 3159 1134 3229 in
1162 3158 1305 3250 planitie
1334 3164 1338 3173 '

292 3294 452 3367 circuitus
479 3299 557 3368 sunt
579 3299 725 3385 quatuor
741 3294 902 3385 capellae.
938 3293 1078 3365 Prima
1104 3313 1127 3364 a
1153 3293 1293 3366 sinistris

291 3447 369 3500 cum
397 3426 578 3523 egreditur,
612 3433 662 3500 est
690 3427 854 3520 capella
879 3428 1028 3501 beatae
1056 3426 1236 3516 virginis
1264 3431 1305 3498 ct

290 3562 424 3634 sancti
451 3558 657 3632 iohannis
684 3561 941 3652 Evangelistae3
970 3581 1048 3633 nam
1075 3560 1202 3632 ibidem
1233 3565 1303 3632 ste·

289 3698 406 3767 terunt
432 3694 519 3768 hora
553 3694 786 3770 crucifixionis.
844 3694 1035 3768 Secunda
1066 3695 1220 3786 proxime
1254 3699 1303 3766 est
