2782 4290
317 404 379 470 138

311 586 464 659 maxima.
501 588 558 660 Ad
584 587 792 680 praedictam
821 608 999 662 cavernam
1013 588 1181 664 Dominus
1199 599 1324 686 noster,

312 741 450 793 noscens
483 741 558 793 curn
591 721 699 795 turbis
731 720 855 796 Judam
892 723 1181 816 appropinquare,
1216 724 1323 801 Judna

312 856 410 946 enim,
440 854 512 927 aliis
540 853 706 947 discipulis
733 860 811 949 post
838 874 977 929 coenam
1004 877 1077 928 cum
1094 856 1242 932 Domino
1267 881 1323 935 re·

311 988 535 1078 manentibus,
569 988 658 1061 solus
689 989 771 1060 abiit
804 989 847 1061 ad
870 988 1031 1081 judaeos,
1066 995 1217 1064 tracuus
1245 1014 1320 1065 oum

311 1121 360 1193 eis
394 1121 436 1194 de
477 1122 662 1194 traditione
697 1121 849 1211 Domini,
892 1121 1084 1195 mercedem
1121 1125 1320 1217 proditionis

310 1254 448 1343 triginta
474 1257 646 1345 argenteis
673 1256 716 1329 ab
743 1255 791 1328 eis
817 1254 992 1346 resipiens,
1022 1277 1098 1330 eum
1113 1257 1227 1331 ‘turba
1248 1260 1320 1352 jam

311 1388 606 1479 appropinquavit:
636 1391 715 1478 hoc,
752 1389 896 1479 inquam,
932 1388 1038 1461 sciens
1064 1387 1174 1482 Jesus,
1203 1394 1239 1464 in
1267 1414 1322 1467 ea·

312 1521 388 1593 dem
416 1541 563 1594 caverna
589 1524 673 1596 dixit
701 1522 868 1616 discipulis
894 1523 979 1595 suis:
1007 1519 1156 1612 Soracte,
1186 1547 1323 1614 comaa;

313 1675 386 1726 ecoe
413 1654 703 1747 appropinquavit
721 1662 789 1730 etc.
833 1655 888 1728 Sic
908 1675 1063 1744 egressus
1083 1654 1321 1750 Gethsemane,

311 1808 375 1876 per
401 1789 549 1862 osculum
575 1787 685 1861 Judae
713 1791 877 1879 cognitus,
908 1810 929 1859 a
956 1787 1100 1861 cohort‘e
1128 1794 1321 1866 mammisea

310 1927 363 1993 est
390 1921 556 2013 detentus,
586 1922 716 1995 vinctus
743 1927 780 1995 et
808 1922 982 1995 deductus.
1026 1921 1321 1999 Verumtamenin

309 2054 461 2145 praefata
489 2076 635 2129 caverna
662 2055 885 2129 ostenduntur
920 2056 1065 2147 quinque
1097 2055 1320 2131 foraminain

314 2209 377 2259 nno
404 2189 526 2282 lapide,
555 2195 724 2282 tamquam
752 2189 898 2280 quinque
913 2187 1026 2278 digitis
1048 2209 1166 2262 manus
1184 2189 1318 2263 Domini

307 2322 484 2412 impressa:
523 2323 675 2413 Domini,
705 2322 799 2412 dico,
831 2321 905 2413 jam
933 2319 1025 2414 capti
1056 2327 1092 2394 ct
1117 2341 1139 2394 a
1163 2343 1319 2416 persaeu-

306 2455 437 2527 toribus
454 2457 622 2527 violenter
639 2454 748 2547 tracti,
778 2454 882 2527 veluti
899 2474 974 2526 sose
991 2455 1180 2528 retinentis.
1215 2455 1318 2548 Quid-

310 2586 388 2678 quid
416 2591 531 2658 autem
558 2589 600 2658 de
629 2588 693 2660 hoc
721 2588 777 2677 sit,
805 2607 866 2659 nos
899 2588 1017 2678 procui
1050 2587 1150 2661 dubio
1185 2591 1319 2680 seimus,

309 2741 385 2791 eum
425 2719 564 2811 majoris
602 2720 783 2813 potestatis
823 2725 860 2792 et
889 2720 1025 2793 euantis
1063 2719 1232 2811 ampliora
1257 2742 1316 2814 po

309 2853 411 2926 tuisse
439 2851 564 2926 iacere.

310 3065 338 3128 9.
374 3061 575 3141 Praetorium
597 3061 709 3139 Pilati,
733 3059 833 3126 turris
851 3059 966 3138 David,
989 3057 1175 3141 aedictum
1198 3062 1233 3128 in
1256 3078 1316 3146 quo

375 3152 610 3231 manaverunt,
640 3149 725 3233 galli
754 3150 868 3216 centua
899 3147 1157 3230 sinodalium,
1186 3151 1316 3218 emlesta

373 3257 576 3326 graeoornm,
608 3239 730 3323 capella
762 3236 1010 3322 flagellationis,
1044 3237 1115 3317 via,
1154 3256 1220 3323 qna
1253 3238 1317 3306 ivit

374 3329 523 3398 christus
546 3329 587 3395 ad
610 3325 802 3395 omnuim.
913 3337 914 3340 ’

387 3519 544 3594 Traditus
577 3524 645 3608 cst,
690 3523 727 3589 ut
760 3517 918 3607 diximus,
957 3516 1120 3590 Dominus
1153 3520 1315 3590 nostcra

307 3653 471 3745 discipulo
503 3673 587 3743 suo,¹
611 3655 729 3746 captus
763 3656 798 3726 et
823 3649 947 3744 ligatus
979 3669 1001 3722 u
1031 3648 1141 3725 milite
1166 3669 1313 3760 romano,
