2782 4290
1137 390 1201 458 267

185 580 288 646 natus
316 579 350 646 et
377 575 462 646 sieut
489 593 550 644 rex
576 573 745 644 adoratus.
787 572 893 643 Facta
921 580 970 645 est
997 574 1122 647 ibidem
1150 595 1205 645 ea-

186 709 374 800 pellaeum
400 707 595 796 unoaltari,
624 707 753 778 habeus
780 707 813 776 in
841 706 1005 779 descensu
1032 707 1111 778 xviii
1128 726 1207 796 gra-

147 875 152 881 ·
186 841 260 912 dus.
294 840 380 912 Post
396 840 586 912 Baruthum
605 845 724 910 contra
745 840 939 929 aquilonem
959 847 1010 913 est
1026 840 1207 911 Biblium

186 975 223 1044 in
252 965 368 1044 littore
396 974 516 1063 mariS,
543 973 660 1045 civitas
687 973 794 1063 prima
822 973 864 1045 de
890 975 1119 1064 patriarchatu
1147 994 1206 1043 au-

186 1107 338 1185 tioceno.
372 1107 426 1178 De
453 1106 518 1177 ista
546 1105 667 1178 dicitur
694 1107 727 1177 in
755 1107 946 1179 Ezechielis
963 1110 1024 1180 27.
1054 1108 1088 1177 in
1117 1128 1207 1178 oom-

187 1239 403 1311 mandatione
426 1239 510 1329 Tyri
545 1246 580 1311 et
607 1241 640 1311 iu
668 1240 754 1312 libro
780 1246 812 1311 3.
836 1241 979 1331 Regum,
1009 1240 1098 1331 quod
1125 1261 1206 1329 ope-

187 1375 272 1445 rarii
296 1373 483 1444 Salomonis
513 1380 610 1445 erant
639 1374 681 1445 de
702 1373 825 1445 Bibli0.
864 1373 963 1446 Nunc
989 1375 1061 1466 ipsa
1088 1375 1206 1446 civitas

188 1506 318 1579 Gibeth
346 1504 555 1599 (Gibleth)
585 1507 717 1596 dieitur,
747 1514 783 1579 et
811 1513 861 1580 est
888 1509 968 1580 satis
994 1529 1110 1598 parva.
1153 1507 1206 1577 De

189 1641 303 1712 Biblio
327 1641 371 1711 ad
398 1646 469 1713 tres
488 1642 600 1712 leucas
628 1648 679 1712 est
704 1641 862 1712 Botros
890 1639 1058 1737 (Botrys),
1089 1640 1207 1713 civitas

191 1774 361 1866 quondam
402 1775 581 1864 opulenta,
615 1775 675 1847 sed
715 1796 802 1846 nune
833 1774 983 1847 funditus
1023 1776 1206 1847 destructa.

189 1909 275 1982 Inde
303 1908 346 1980 ad
373 1906 444 1980 tres
472 1909 588 1980 leucas
615 1907 669 1980 es't
697 1913 842 1979 castrum
879 1914 914 1980 et
948 1909 1029 1979 villa
1060 1908 1208 1997 Nenrsyn

181 2037 393 2142 (Nephinj
427 2041 499 2113 lere
527 2042 561 2111 iu
589 2041 672 2112 mari
705 2041 804 2135 situm
843 2047 878 2112 ot
907 2042 1005 2113 valde
1031 2041 1205 2113 munitum.

189 2175 324 2247 Deinde
351 2195 416 2266 per
443 2176 526 2246 duas
552 2176 668 2248 leucas
696 2180 748 2246 est
774 2175 977 2266 Tripolis,
1006 2174 1135 2246 famosa
1163 2175 1208 2246 ei-

190 2308 279 2381 vitas
313 2328 418 2397 super
450 2308 542 2380 littus
575 2309 689 2379 maris.
744 2307 910 2380 Habitant
944 2311 978 2378 in
1014 2329 1055 2381 ea
1081 2308 1207 2398 graeei,

156 2443 304 2533 latini,
347 2442 494 2531 armeni,
534 2443 740 2532 meraritae,
783 2445 966 2515 nestoriani
1007 2448 1044 2515 et
1075 2443 1202 2514 multae

189 2582 325 2666 gentes
360 2575 413 2646 De
442 2577 551 2648 serico
579 2577 688 2647 multa
715 2576 799 2648 fiunt
817 2577 851 2647 in
872 2597 913 2649 ea
934 2598 1048 2676 opera.
1082 2576 1206 2649 Audivi

189 2732 253 2802 pro
289 2730 390 2800 vero,
431 2711 521 2802 quod
556 2716 670 2782 essent
708 2711 741 2781 in
776 2731 817 2782 ea
850 2716 1003 2784 textores
1036 2713 1136 2784 seriei
1174 2717 1209 2783 et

169 2844 351 2916 oameloti
377 2843 470 2915 mille
499 2848 535 2915 et
564 2844 707 2916 ducenti.
745 2844 778 2914 A
805 2844 935 2936 Tripoli
962 2866 1025 2937 per
1048 2852 1118 2918 tres
1134 2846 1207 2918 leu-

189 2999 246 3050 cas
266 2977 468 3049 terminatur
487 2998 584 3050 mons
602 2977 760 3069 Libanus,
782 2979 826 3049 ad
846 2981 940 3071 cujus
957 2979 1080 3071 pedem
1101 2981 1208 3051 oritur

162 3088 269 3199 ‘foas
288 3110 473 3200 tortorum,
499 3111 612 3199 poene
639 3113 767 3203 impetu
794 3113 837 3184 de
853 3111 998 3203 Itidem,
1029 3122 1063 3186 et
1088 3116 1208 3202 irrigat

188 3265 306 3318 omnes
324 3244 443 3317 hortos
471 3251 505 3316 et
531 3247 707 3336 planitiem
731 3248 820 3318 circa
834 3247 1007 3337 iripolim.
1042 3247 1090 3318 Et
1111 3232 1207 3338 plura

190 3380 266 3452 loca
298 3379 458 3468 religiosa
486 3362 681 3452 constructa
713 3385 792 3453 sunt
825 3402 927 3472 super
953 3381 1043 3454 rivos
1071 3381 1145 3470 ejus
1173 3386 1207 3451 et

193 3513 354 3585 eeclesiae
382 3513 507 3585 multae
536 3535 733 3601 graemrum
764 3520 799 3586 et
817 3535 1041 3585 armenorum.
1077 3513 1125 3585 ut
1144 3534 1206 3603 pro

195 3654 286 3725 certo
320 3647 364 3725 do
398 3647 466 3722 isto
505 3647 600 3726 fonte
634 3645 758 3726 verum
788 3654 852 3743 est,
894 3647 984 3745 quod
1019 3647 1139 3724 dieitur
1173 3647 1206 3718 in
