2782 4290
88 368 89 371 Ὺ
191 418 255 485 104

186 599 273 671 lavit
307 594 542 686 discipulorum
575 593 696 684 pedes,
727 598 761 665 θῖ
786 594 834 666 ibi
860 594 939 685 pila,
966 593 1002 664 in
1030 595 1199 683 quaerat

188 752 287 822 aquo.
343 727 389 800 Et
423 727 457 798 in
492 726 611 798 eodem
645 727 717 798 loco
760 729 870 799 stabat
903 726 1022 816 lesus,
1066 724 1199 816 quando

190 862 284 936 dixit:
329 857 408 932 Poro
441 859 551 950 uobis,
594 866 629 933 et
669 859 714 931 ibi
752 859 904 950 palpavit
937 860 1072 932 Domini
1109 860 1199 930 latus

189 995 344 1070 Thomas.
406 992 453 1065 Et
487 1015 507 1064 a
541 993 676 1066 sinistro
710 976 818 1064 latere
858 999 913 1066 est
947 993 1052 1066 altare
1089 992 1199 1066 sanati

192 1127 412 1220 Stephani,
442 1126 497 1199 ubi
525 1127 589 1200 fuit
615 1126 817 1216 sepul-tus.

271 1260 379 1333 Extra
414 1260 589 1334 ecclesiam
624 1265 675 1334 θεῖ
709 1260 873 1350 quaedam
906 1282 1013 1352 parva
1049 1260 1199 1351 ecelesia,

192 1396 249 1469 ubi
276 1394 536 1486 praetorium
563 1393 636 1484 luit,
664 1394 699 1484 in
727 1416 792 1485 quo
812 1395 975 1467 Dominus
1002 1394 1200 1485 flagellatus,

192 1528 294 1621 spinis
329 1533 511 1600 coronatus
540 1533 640 1618 atque
667 1527 792 1617 illusus,
824 1535 858 1600 et
884 1528 938 1600 hio
966 1527 1028 1601 luit
1057 1529 1200 1600 domus

122 1690 125 1698 ·
193 1659 393 1750 Caiphae.
428 1660 528 1735 Ultra
554 1667 701 1734 montem
729 1660 807 1733 Sion
835 1668 888 1736 θεῖ
917 1661 1117 1752 ecelesia,
1146 1659 1201 1734 ubi

192 1799 364 1869 sanctus
391 1791 545 1868 Petrus
572 1794 670 1885 fugit,
700 1796 833 1887 quando
853 1795 1034 1868 Dominum
1060 1795 1101 1867 in.
1125 1793 1203 1883 galli

192 1935 290 2002 oantu
317 1929 463 2019 negavit.
498 1926 625 2001 Contra
652 1930 774 2002 vallem
791 1927 990 2028 (losephat)
1010 1932 1062 2002 est
1090 1932 1203 2000 nata·

49 2123 54 2132 .
192 2063 303 2135 toria
324 2061 450 2153 Siloa,
473 2068 508 2136 et
526 2062 573 2134 ibi
590 2069 642 2137 est
661 2065 853 2156 sepultus
872 2063 1004 2136 isaias
1023 2060 1201 2154 propheta.

271 2199 366 2271 Inter
392 2195 581 2269 Jerusalem
609 2202 646 2269 et
673 2204 820 2271 montem
836 2195 964 2271 Oliveti
993 2201 1045 2270 est
1073 2195 1203 2268 vallis

128 2313 131 2319 ’
191 2331 413 2423 iosaphat,
443 2329 498 2401 ubi
527 2335 682 2402 saneta
709 2331 844 2404 Maria
878 2332 921 2403 ab
954 2329 1115 2422 apostolis
1142 2329 1204 2402 luit

191 2464 374 2556 sepulta,
416 2469 451 2535 et
484 2464 530 2535 ibi
566 2470 617 2538 est
654 2472 821 2539 torrens
855 2463 1031 2538 (ledron.
1087 2463 1203 2537 Etiam

192 2598 256 2669 fuit
274 2595 362 2686 villa,
378 2617 465 2686 quae
482 2597 658 2670 dicebatur
676 2598 862 2672 lessemani
876 2595 1200 2690 (Gethsemane).

193 2729 244 2801 lbi
283 2728 444 2801 Dominus
485 2729 599 2804 diuisit
647 2732 798 2824 (dimisit)
849 2732 988 2819 Petrum
1036 2736 1071 2818 et
1119 2731 1202 2803 alios

192 2860 390 2967 discipulos,
427 2864 560 2953 quarrdo
595 2866 724 2938 oravit:
767 2864 892 2954 Potor,
928 2863 960 2936 si
990 2863 1070 2952 fieri
1091 2869 1203 2954 potest

192 3001 270 3087 eto,
300 3001 336 3068 et
363 2996 408 3070 ibi
436 3002 487 3070 est
514 2998 648 3088 hortus,
687 3000 743 3071 ubi
779 3006 896 3090 eaptus
923 2998 985 3070 fnit
1012 3018 1032 3067 a
1055 2996 1200 3088 judaeis,

192 3135 228 3202 et
255 3116 344 3219 hino,
374 3135 516 3221 quantus
544 3137 596 3205 θεῖ
618 3133 729 3223 jactus
744 3133 875 3223 lapidis,
903 3134 970 3222 (est
998 3131 1203 3224 locus)‚·ubi

192 3265 303 3336 oravit
331 3268 367 3334 θῖ
394 3264 499 3337 sudor
527 3266 599 3358 ejus
629 3250 738 3355 quasi*
751 3271 852 3353 gutta
879 3265 1049 3353 sauguinis
1082 3264 1203 3338 decur-

193 3397 297 3471 rentis
332 3395 522 3493 (decurrit)
557 3401 591 3474 iu
628 3406 762 3471 terram.
819 3397 923 3472 Juxta
958 3419 1058 3490 quem
1095 3400 1203 3472 locum

192 3536 244 3605 est
271 3532 544 3623 sepulchrum
572 3533 783 3623 Josaplrat
810 3533 909 3623 regis,
939 3553 1123 3624 perquem
1155 3532 1203 3605 di-

191 3666 281 3738 oitur
315 3666 410 3740 vallis
437 3666 611 3756 losaphat.
668 3665 718 3736 Et
752 3666 798 3737 ibi
828 3672 878 3740 est
906 3666 1110 3757 ecclesia,
1148 3666 1202 3741 ubi
