2782 4290
298 433 364 500 276

298 615 482 687 Zachaeus.
518 611 807 684 Descendentibus
832 611 874 682 de
898 607 1087 683 Jerusalem
1108 610 1143 681 in
1162 605 1310 699 Jericho,

300 749 399 840 quasi
425 748 459 819 in
486 745 553 818 fine
585 746 766 837 montium,
802 750 880 816 ante
913 745 1115 837 principium
1147 743 1309 837 planitiei,

298 903 394 956 secus
422 881 511 953 viam
539 880 727 952 ostenditur
741 880 847 968 locus
877 879 934 951 ubi
954 901 1075 953 coecus
1093 878 1234 953 sedebat
1260 899 1312 952 se·

299 1035 357 1089 cus
385 1015 474 1086 viam
500 1013 704 1105 mendicans,
735 1017 772 1086 ct
797 1011 862 1084 fuit
888 1013 935 1086 ibi
963 1013 1118 1085 ecclesia.
1170 1013 1226 1085 De
1253 1008 1310 1084 Je-

298 1150 393 1222 richo
428 1151 573 1239 quatuor
604 1148 716 1221 leucas
749 1152 870 1220 contra
903 1148 1115 1219 occidentem
1150 1150 1204 1218 est
1245 1146 1308 1234 via,

300 1303 385 1374 quae
404 1281 497 1353 ducit
508 1281 543 1351 in
560 1279 759 1372 Jerusalem,
771 1282 816 1353 ad
833 1281 999 1353 sinistram
1019 1279 1146 1352 deserti
1158 1279 1311 1370 111111111-

300 1419 410 1504 tenae,
439 1412 483 1484 ad
512 1434 612 1484 unum
639 1415 757 1506 casale,
787 1416 845 1488 ubi
870 1415 927 1486 ille
952 1414 1067 1486 incidit
1091 1414 1126 1484 in
1143 1414 1306 1485 latrones.

300 1549 352 1621 De
380 1545 517 1620 iericho
545 1546 610 1618 tria
637 1548 791 1620 milliaria
819 1570 935 1622 versus
962 1553 1112 1620 austrum
1145 1552 1199 1620 est
1232 1568 1309 1617 mo—

300 1681 535 1754 nasterium
567 1682 698 1752 sancti
725 1681 972 1773 Hieronymi
1004 1682 1039 1752 in
1068 1684 1164 1752 vasta
1192 1680 1309 1752 solitu-

300 1817 396 1906 dine,
432 1835 518 1905 quae
546 1814 627 1886 solis
655 1814 831 1887 ardoribus
858 1818 984 1906 uritur,
1021 1815 1112 1906 quod
1148 1815 1232 1885 nihil
1265 1814 1309 1886 ibi

301 1954 354 2022 est
389 1949 579 2022 viriditatis.
637 1949 767 2021 Ibidem
804 1948 869 2020 fuit
908 1971 971 2041 per
1012 1955 1158 2040 quatuor
1197 1969 1308 2020 annos.

299 2083 353 2156 De
380 2082 519 2156 Jericho
547 2086 627 2154 sunt
654 2082 741 2154 duae
768 2082 882 2154 leucae
910 2083 953 2154 ad
982 2081 1004 2153 J
1011 2082 1217 2174 ordanem,
1254 2082 1311 2155 ubi

299 2217 490 2303 ostenditur
508 2216 672 2308 capella
693 2215 830 2288 sancti
846 2213 1047 2289 Johannis
1070 2217 1307 2309 Baptistae.

299 2350 367 2422 Per
394 2348 578 2422 Jordanem
604 2351 750 2439 populus
777 2351 880 2454 lsrael
908 2351 997 2423 sicco
1025 2351 1168 2440 vestigio
1196 2352 1311 2424 ambu-

298 2483 394 2554 lavit.
439 2482 478 2553 In
507 2482 657 2556 Jordane
684 2482 836 2555 Naaman
862 2485 1015 2574 leprosus
1042 2484 1221 2556 mundatus
1249 2490 1308 2557 cst.

299 2616 338 2686 In
370 2615 520 2689 Jordane
553 2616 702 2690 Christus
741 2617 931 2709 baptizatus
965 2623 1029 2690 est.
1084 2618 1138 2690 De
1172 2619 1311 2692 Jericho

299 2749 405 2821 tribus
432 2750 537 2821 leucis
566 2751 637 2824 sive
664 2773 725 2823 sex
758 2751 913 2822 milliaria
945 2752 1069 2843 italica,
1107 2753 1150 2824 de
1185 2754 1312 2844 capella

299 2883 402 2955 sancti
428 2883 590 2956 iohannis
624 2884 752 2957 duabus
779 2885 882 2957 leucis
916 2890 1037 2958 contra
1063 2891 1231 2979 austrum,
1262 2892 1312 2960 est

300 3038 411 3088 mare
440 3017 659 3089 Mortuum.
716 3019 754 3090 ln
781 3017 880 3110 hujus
907 3019 1028 3091 littore
1057 3020 1216 3092 orientali
1249 3022 1312 3093 sita

301 3155 353 3222 est
380 3149 489 3242 Segor
516 3152 550 3220 in
577 3156 677 3241 parte
705 3151 869 3242 Arabiae,
906 3153 962 3225 ubi
990 3160 1042 3226 est
1067 3158 1185 3226 statua
1220 3156 1309 3243 salis,

300 3283 334 3354 in
362 3305 461 3374 quam
488 3304 587 3356 versa
614 3289 666 3356 est
691 3307 775 3356 uxor
801 3284 905 3376 Loth,
933 3286 978 3359 ad
1007 3307 1109 3377 quam
1131 3287 1311 3360 videndam

299 3418 507 3509 periculosus
535 3422 587 3488 est
613 3438 768 3490 accessus
795 3423 937 3511 propter
963 3420 1162 3492 madianitas
1188 3420 1310 3492 ibidem

299 3557 554 3622 commorantes.
619 3551 706 3624 lllud
739 3573 832 3624 mare
874 3554 1077 3646 quandoque
1117 3554 1239 3626 crescit
1276 3554 1309 3623 in

297 3685 426 3752 tantum
454 3704 494 3752 ex
526 3685 778 3775 tumefactione,
817 3686 908 3775 quod
935 3687 1046 3776 operit
1072 3690 1182 3758 totam
1218 3687 1308 3758 illam
1381 3711 1384 3716 ·
