2782 4290
1135 413 1196 478 aot

186 585 334 660 thaeum.
371 585 473 660 Seth
491 585 652 683 (Sethim)
682 591 742 662 snb
768 571 826 661 56.
850 592 979 681 quadro
1008 592 1139 664 locatur
1166 594 1201 664 in

188 721 286 792 00110.

239 855 295 927 Ab
324 874 364 926 ea
390 854 507 945 incipit
533 859 655 927 terra
686 858 1028 948 philistinorum.
1067 860 1106 930 In
1142 882 1200 933 00-

186 989 265 1060 dem
289 988 375 1059 00110
404 987 605 1059 christianus
633 1010 695 1061 rex
719 990 1043 1082 Hierosolymorum,
1066 995 1200 1066 nomine

184 1122 310 1212 Fulco,
370 1120 565 1194 aedificavit
613 1124 819 1213 praesidium
860 1126 1017 1197 lbclim
1075 1126 1201 1197 dictum

186 1259 307 1327 contra
333 1254 533 1326 insolentias
568 1257 838 1329 ascalonitarum.
895 1258 1113 1331 Ascalona
1138 1261 1203 1332 luit

187 1389 308 1461 civitas
333 1387 579 1479 philistinorum
605 1411 712 1482 prope
739 1414 833 1465 mare
861 1393 936 1481 sita,
971 1391 1114 1465 formam
1143 1394 1203 1465 ha-

187 1524 271 1596 bens
298 1522 512 1613 semicirculi,
550 1527 586 1594 et
615 1528 667 1595 est
696 1528 792 1615 quasi
824 1532 933 1598 totum
964 1526 1204 1599 10111111οι10-

188 1677 356 1729 cenorum.
376 1656 410 1727 in
438 1662 530 1728 terra
557 1655 624 1727 illa.
678 1656 746 1730 Sub
775 1660 904 1749 quadro
934 1644 995 1731 22]
1024 1661 1058 1731 in
1086 1661 1204 1734 littore

187 1791 290 1863 maris
318 1794 371 1863 est
396 1789 557 1879 Ankon,
596 1789 675 1862 olim
704 1793 820 1865 civitas
847 1794 1038 1884 philistaea,
1068 1794 1205 1865 Ptolo-

186 1925 324 1997 maida
351 1924 449 1995 dicta.
508 1923 587 1996 Sub.
606 1925 734 2016 quadro
765 1929 826 1997 40.
858 1931 894 1997 01
924 1929 984 1996 28.
1015 1927 1122 2016 spatio
1152 1933 1204 1999 est

191 2057 338 2133 Cesarea
358 2068 467 2140 O—[
499 2058 668 2129 maritima
706 2057 930 2148 (Caesarea
964 2060 1202 2153 maritima),

189 2215 291 2285 quam
325 2192 482 2265 Herodes
522 2191 720 2263 Ascalonita
762 2193 805 2263 ad
850 2193 1016 2264 honorem
1057 2195 1204 2282 Augusti

170 2303 172 2309 ¹
189 2326 376 2417 ampliavit,
407 2331 442 2398 et
461 2325 525 2396 suit
545 2325 743 2414 metropolis
761 2325 975 2397 Palaestinae
1002 2329 1201 2399 maritimae.

141 2542 143 2546 ⁷
187 2462 241 2534 De
269 2461 346 2551 ipsa
372 2459 540 2560 Josephus
568 2459 674 2530 multa
702 2460 843 2549 scripsit.
881 2459 1009 2533 Versus
1038 2462 1205 2545 orientem

188 2596 295 2668 habet
322 2593 482 2685 paludem
508 2595 610 2664 latam
638 2600 672 2664 et
700 2593 902 2683 profundam
930 2602 966 2668 et
994 2596 1141 2689 dulcem,
1169 2596 1204 2664 in

175 2751 259 2827 'qua
284 2729 383 2799 multi
415 2732 491 2799 sunt
518 2727 705 2798 kocodrilli.
769 2729 850 2816 Ipsa
876 2726 958 2801 vero
991 2731 1127 2820 penitus
1155 2729 1206 2800 est

190 2864 373 2936 destructa.
430 2861 552 2933 Petrus
579 2861 749 2951 apostolus
776 2862 810 2932 in
838 2883 879 2935 ea
906 2864 1095 2954 baptizavit
1123 2860 1206 2934 Cor-

192 2999 335 3086 nelium;
365 2995 493 3067 Paulus
514 2996 548 3066 in
571 3015 612 3067 ea
637 2995 739 3084 longo
767 3000 920 3086 tempore
941 2997 1097 3069 detentus
1125 2997 1205 3088 (est)

191 3133 400 3221 incarcere,
437 3130 516 3200 dum
548 3129 689 3200 Romam
723 3136 893 3220 pergeret.
951 3129 1206 3202 Incommodum
1235 3159 1240 3166 ·

193 3271 329 3356 portum
354 3264 473 3353 habet3
508 3263 682 3334 hortorum
716 3267 830 3335 autem
866 3269 901 3334 01
934 3283 1138 3355 pascuorum
1169 3265 1207 3333 et

195 3419 358 3490 aquarum
385 3397 559 3470 fluentium
577 3396 681 3468 habet
695 3397 876 3487 plurimam
894 3397 1086 3468 ubertatem
1101 3413 1208 3484 usque

185 3534 238 3605 ad
265 3531 421 3623 Lyddam
449 3536 485 3602 et
512 3551 630 3603 versus
659 3535 787 3604 terram
815 3530 988 3602 Saronam.
1030 3524 1209 3617 Lyddam

197 3666 328 3758 signavi
360 3686 434 3740 cum
467 3684 550 3736 arcu
580 3659 774 3758 testudinis,
804 3664 862 3756 qui
889 3662 936 3735 ibi
969 3650 1126 3749 videtur,
1152 3657 1211 3731 nbi
