2782 4290
187 383 251 448 170

238 586 312 656 per
356 587 473 656 quam
514 568 605 639 vita
648 532 777 639 datur
816 567 1043 659 mundique
1085 566 1195 638 salus

291 703 531 791 reparatur.

266 831 321 904 Ex
348 837 444 924 parte
472 833 605 906 sinistra
631 833 742 923 imago
770 833 968 926 Hieronymi
999 835 1086 907 hanc
1116 855 1197 907 con-

186 969 272 1040 tinet
297 967 506 1058 scripturam.

270 1101 481 1173 Monstratur
502 1104 614 1172 autem
633 1100 844 1192 sepulchrum
871 1103 954 1196 ejus,
984 1103 1197 1203 cernentibus

187 1234 415 1325 notamusque
434 1235 468 1305 in
487 1254 654 1325 praesens.
665 1235 700 1306 in
719 1235 806 1307 valle
825 1234 1002 1327 iosaphat,
1021 1237 1055 1309 in
1073 1237 1195 1326 medio,

187 1369 247 1440 ubi
275 1369 310 1438 in
337 1367 411 1458 ejus
438 1366 567 1440 honore
594 1367 758 1440 fabricata
785 1373 836 1441 est
863 1369 1008 1443 ecclesia
1034 1371 1120 1442 miro
1148 1370 1197 1442 la·

131 1597 135 1603 ¹
189 1502 291 1592 pideo
318 1500 491 1591 tabulatu,
526 1501 560 1572 in
589 1521 655 1591 qua
681 1503 811 1593 sepulta
836 1503 939 1577 fnisse
973 1504 1015 1578 ab
1044 1504 1199 1576 omnibus

188 1634 383 1708 affirmatur.
427 1636 467 1707 In
485 1635 605 1707 dextra
625 1655 708 1708 vero
729 1636 879 1728 ejusdem
898 1637 1058 1710 introitus
1085 1637 1196 1727 imago

185 1773 279 1846 beati
305 1769 422 1842 Basilii
450 1769 601 1841 continet
627 1769 727 1841 haec:

345 1903 498 1976 Matris
526 1901 691 1975 Christi
719 1903 929 1994 dignitate

348 2045 391 2112 et
417 2036 585 2110 excelsa
611 2041 832 2127 potestate

348 2176 414 2246 est
441 2175 641 2265 repertus
668 2169 878 2263 Julianus,

348 2326 494 2378 saevus
520 2303 654 2376 hostis
682 2307 723 2374 et
750 2303 971 2396 profanus;

347 2461 437 2512 nam
460 2436 699 2510 defunctum
718 2435 826 2510 hunc
849 2442 1106 2532 prostravit,

349 2575 462 2647 siout
488 2574 620 2642 mater
646 2570 884 2662 imperavit.

316 2788 321 2804 .
350 2703 582 2779 Salvatrici
609 2703 664 2776 sit
690 2704 863 2794 reginae

350 2843 440 2914 lans
468 2844 509 2912 et
535 2838 671 2911 honor
697 2838 786 2912 sine
813 2836 914 2930 fine,

352 2994 455 3068 quae
485 2972 619 3062 elegit
644 2972 711 3044 hic
736 2972 907 3044 humari.

271 3110 368 3184 Haec
407 3114 442 3180 et
477 3106 543 3178 alia
576 3088 720 3197 plurima
754 3104 799 3176 ad
832 3105 966 3178 laudem
994 3107 1137 3197 virginis
1169 3109 1202 3182 in

192 3246 332 3321 introitu
361 3248 500 3336 cryptae
533 3262 597 3331 per
622 3240 792 3332 picturam
825 3244 902 3312 sunt
936 3242 1109 3335 apposita;
1146 3242 1203 3317 sed

192 3380 345 3454 interiori
371 3381 471 3470 parte
498 3377 534 3447 in
560 3372 748 3467 parietibus
776 3373 853 3444 hinc
887 3374 967 3446 inde
1000 3376 1095 3451 circa
1120 3383 1203 3451 tum·

194 3516 271 3589 bam
299 3512 520 3588 existentibus
551 3509 648 3583 etin
676 3506 827 3599 laqueari
853 3508 929 3581 talis
956 3509 1127 3602 scriptura
1153 3514 1202 3585 est

197 3649 366 3741 apposita,
405 3647 440 3717 in
475 3644 591 3716 dextro
632 3640 781 3735 pariete:
821 3639 958 3716 Maria
990 3644 1114 3736 virgo
1148 3664 1202 3717 as·
