<?xml version="1.0" encoding="UTF-8"?>
<!DOCTYPE html PUBLIC "-//W3C//DTD XHTML 1.0 Transitional//EN"
    "http://www.w3.org/TR/xhtml1/DTD/xhtml1-transitional.dtd">
<html xmlns="http://www.w3.org/1999/xhtml" xml:lang="en" lang="en">
 <head>
  <title>
</title>
<meta http-equiv="Content-Type" content="text/html;charset=utf-8" />
  <meta name='ocr-system' content='tesseract 3.04.00' />
  <meta name='ocr-capabilities' content='ocr_page ocr_carea ocr_par ocr_line ocrx_word'/>
</head>
<body>
  <div class='ocr_page' id='page_1' title='image "./descriptioneste01toblgoog_0284.png"; bbox 0 0 2782 4290; ppageno 0'>
   <div class='ocr_carea' id='block_1_1' title="bbox 940 443 1097 511">
    <p class='ocr_par' dir='ltr' id='par_1_1' title="bbox 940 443 1097 511">
     <span class='ocr_line' id='line_1_1' title="bbox 940 443 1097 511; baseline 0.006 -1"><span class='ocrx_word' id='word_1_1' title='bbox 940 480 943 484; x_wconf 93' lang='lat'>·</span> <span class='ocrx_word' id='word_1_2' title='bbox 1032 443 1097 511; x_wconf 82' lang='lat'><strong>277</strong></span> 
     </span>
    </p>
   </div>
   <div class='ocr_carea' id='block_1_2' title="bbox 86 592 1098 1113">
    <p class='ocr_par' dir='ltr' id='par_1_2' title="bbox 86 592 1098 1113">
     <span class='ocr_line' id='line_1_2' title="bbox 86 592 1097 714; baseline 0.002 -20"><span class='ocrx_word' id='word_1_3' title='bbox 86 625 248 710; x_wconf 85' lang='lat' dir='ltr'><strong>statuam3</strong></span> <span class='ocrx_word' id='word_1_4' title='bbox 282 592 460 709; x_wconf 86' lang='lat' dir='ltr'><strong>aliquando</strong></span> <span class='ocrx_word' id='word_1_5' title='bbox 488 626 617 694; x_wconf 87' lang='lat' dir='ltr'><strong>tanturn</strong></span> <span class='ocrx_word' id='word_1_6' title='bbox 646 624 826 714; x_wconf 80' lang='lat' dir='ltr'><strong>decrescit,</strong></span> <span class='ocrx_word' id='word_1_7' title='bbox 856 625 948 714; x_wconf 88' lang='lat' dir='ltr'><strong>qued</strong></span> <span class='ocrx_word' id='word_1_8' title='bbox 974 625 1097 697; x_wconf 91' lang='lat' dir='ltr'><strong>iterum</strong></span> 
     </span>
     <span class='ocr_line' id='line_1_3' title="bbox 87 738 1098 846; baseline 0.001 -19"><span class='ocrx_word' id='word_1_9' title='bbox 87 754 222 827; x_wconf 89' lang='lat' dir='ltr'><strong>videtur</strong></span> <span class='ocrx_word' id='word_1_10' title='bbox 247 774 335 825; x_wconf 83' lang='lat' dir='ltr'><strong>nune</strong></span> <span class='ocrx_word' id='word_1_11' title='bbox 361 752 405 825; x_wconf 90' lang='lat' dir='ltr'><strong>ad</strong></span> <span class='ocrx_word' id='word_1_12' title='bbox 432 758 563 845; x_wconf 85' lang='lat' dir='ltr'><strong>pectus,</strong></span> <span class='ocrx_word' id='word_1_13' title='bbox 593 777 679 828; x_wconf 86' lang='lat' dir='ltr'><strong>nune</strong></span> <span class='ocrx_word' id='word_1_14' title='bbox 699 738 882 846; x_wconf 59' lang='lat' dir='ltr'><strong>ad‘genua.</strong></span> <span class='ocrx_word' id='word_1_15' title='bbox 919 756 981 830; x_wconf 86' lang='lat' dir='ltr'><strong>Est</strong></span> <span class='ocrx_word' id='word_1_16' title='bbox 1009 759 1098 829; x_wconf 90' lang='lat' dir='ltr'><strong>enim</strong></span> 
     </span>
     <span class='ocr_line' id='line_1_4' title="bbox 86 885 1095 978; baseline 0.004 -19"><span class='ocrx_word' id='word_1_17' title='bbox 86 891 121 960; x_wconf 95' lang='lat' dir='ltr'><strong>in</strong></span> <span class='ocrx_word' id='word_1_18' title='bbox 161 889 236 960; x_wconf 85' lang='lat' dir='ltr'>loco</span> <span class='ocrx_word' id='word_1_19' title='bbox 275 885 386 959; x_wconf 85' lang='lat' dir='ltr'><strong>medie</strong></span> <span class='ocrx_word' id='word_1_20' title='bbox 424 887 513 959; x_wconf 90' lang='lat' dir='ltr'><strong>inter</strong></span> <span class='ocrx_word' id='word_1_21' title='bbox 556 887 663 978; x_wconf 82' lang='lat' dir='ltr'><strong>Segur</strong></span> <span class='ocrx_word' id='word_1_22' title='bbox 703 893 739 960; x_wconf 90' lang='lat' dir='ltr'><strong>et</strong></span> <span class='ocrx_word' id='word_1_23' title='bbox 776 912 871 961; x_wconf 90' lang='lat' dir='ltr'><strong>mare</strong></span> <span class='ocrx_word' id='word_1_24' title='bbox 909 890 1095 963; x_wconf 86' lang='lat' dir='ltr'><strong>Mortuum.</strong></span> 
     </span>
     <span class='ocr_line' id='line_1_5' title="bbox 87 1019 1097 1113; baseline 0.004 -22"><span class='ocrx_word' id='word_1_25' title='bbox 87 1020 173 1093; x_wconf 87' lang='lat' dir='ltr'><strong>illud</strong></span> <span class='ocrx_word' id='word_1_26' title='bbox 199 1039 294 1091; x_wconf 91' lang='lat' dir='ltr'><strong>mare</strong></span> <span class='ocrx_word' id='word_1_27' title='bbox 321 1019 425 1090; x_wconf 86' lang='lat' dir='ltr'><strong>habet</strong></span> <span class='ocrx_word' id='word_1_28' title='bbox 450 1020 485 1091; x_wconf 94' lang='lat' dir='ltr'><strong>in</strong></span> <span class='ocrx_word' id='word_1_29' title='bbox 512 1021 691 1093; x_wconf 88' lang='lat' dir='ltr'><strong>latitudine</strong></span> <span class='ocrx_word' id='word_1_30' title='bbox 718 1044 775 1095; x_wconf 87' lang='lat' dir='ltr'><strong>sex</strong></span> <span class='ocrx_word' id='word_1_31' title='bbox 792 1024 916 1096; x_wconf 86' lang='lat' dir='ltr'><strong>leucas.</strong></span> <span class='ocrx_word' id='word_1_32' title='bbox 954 1023 1097 1113; x_wconf 82' lang='lat' dir='ltr'><strong>Semper</strong></span> 
     </span>
    </p>
   </div>
   <div class='ocr_carea' id='block_1_3' title="bbox 87 1150 1243 1247">
    <p class='ocr_par' dir='ltr' id='par_1_3' title="bbox 87 1150 1243 1247">
     <span class='ocr_line' id='line_1_6' title="bbox 87 1150 1243 1247; baseline 0.003 -22"><span class='ocrx_word' id='word_1_33' title='bbox 87 1155 219 1226; x_wconf 90' lang='lat' dir='ltr'><strong>fumans</strong></span> <span class='ocrx_word' id='word_1_34' title='bbox 247 1158 282 1224; x_wconf 91' lang='lat' dir='ltr'><strong>et</strong></span> <span class='ocrx_word' id='word_1_35' title='bbox 308 1150 443 1225; x_wconf 85' lang='lat' dir='ltr'><strong>foetens</strong></span> <span class='ocrx_word' id='word_1_36' title='bbox 476 1157 553 1225; x_wconf 85' lang='lat' dir='ltr'><strong>teta</strong></span> <span class='ocrx_word' id='word_1_37' title='bbox 584 1155 641 1226; x_wconf 89' lang='lat' dir='ltr'><strong>illa</strong></span> <span class='ocrx_word' id='word_1_38' title='bbox 668 1156 779 1247; x_wconf 85' lang='lat' dir='ltr'><strong>vallis,</strong></span> <span class='ocrx_word' id='word_1_39' title='bbox 815 1177 901 1247; x_wconf 88' lang='lat' dir='ltr'><strong>quae</strong></span> <span class='ocrx_word' id='word_1_40' title='bbox 930 1156 1097 1247; x_wconf 85' lang='lat' dir='ltr'><strong>quendam</strong></span> <span class='ocrx_word' id='word_1_41' title='bbox 1240 1240 1243 1247; x_wconf 22' lang='lat'><strong>¹</strong></span> 
     </span>
    </p>
   </div>
   <div class='ocr_carea' id='block_1_4' title="bbox 87 1287 1138 3650">
    <p class='ocr_par' dir='ltr' id='par_1_4' title="bbox 87 1287 1138 2431">
     <span class='ocr_line' id='line_1_7' title="bbox 88 1287 1098 1377; baseline 0.003 -18"><span class='ocrx_word' id='word_1_42' title='bbox 88 1287 224 1360; x_wconf 87' lang='lat' dir='ltr'><strong>illustris</strong></span> <span class='ocrx_word' id='word_1_43' title='bbox 259 1287 450 1376; x_wconf 80' lang='lat' dir='ltr'>dicebatur,</span> <span class='ocrx_word' id='word_1_44' title='bbox 490 1308 553 1377; x_wconf 92' lang='lat' dir='ltr'><strong>per</strong></span> <span class='ocrx_word' id='word_1_45' title='bbox 592 1287 708 1360; x_wconf 85' lang='lat' dir='ltr'><strong>decem</strong></span> <span class='ocrx_word' id='word_1_46' title='bbox 748 1289 855 1361; x_wconf 87' lang='lat' dir='ltr'><strong>dietas</strong></span> <span class='ocrx_word' id='word_1_47' title='bbox 888 1291 937 1361; x_wconf 88' lang='lat' dir='ltr'><strong>ita</strong></span> <span class='ocrx_word' id='word_1_48' title='bbox 971 1289 1098 1362; x_wconf 90' lang='lat' dir='ltr'><strong>sterilis</strong></span> 
     </span>
     <span class='ocr_line' id='line_1_8' title="bbox 89 1421 1099 1515; baseline 0.002 -22"><span class='ocrx_word' id='word_1_49' title='bbox 89 1421 180 1494; x_wconf 87' lang='lat' dir='ltr'><strong>faeta</strong></span> <span class='ocrx_word' id='word_1_50' title='bbox 212 1424 280 1512; x_wconf 87' lang='lat' dir='ltr'><strong>est,</strong></span> <span class='ocrx_word' id='word_1_51' title='bbox 316 1424 354 1492; x_wconf 92' lang='lat' dir='ltr'><strong>ut</strong></span> <span class='ocrx_word' id='word_1_52' title='bbox 386 1441 449 1491; x_wconf 86' lang='lat' dir='ltr'><strong>nee</strong></span> <span class='ocrx_word' id='word_1_53' title='bbox 483 1440 623 1509; x_wconf 84' lang='lat' dir='ltr'><strong>gramen</strong></span> <span class='ocrx_word' id='word_1_54' title='bbox 656 1421 825 1512; x_wconf 86' lang='lat' dir='ltr'><strong>proferat,</strong></span> <span class='ocrx_word' id='word_1_55' title='bbox 860 1442 923 1495; x_wconf 84' lang='lat' dir='ltr'><strong>nen</strong></span> <span class='ocrx_word' id='word_1_56' title='bbox 962 1422 1099 1515; x_wconf 82' lang='lat' dir='ltr'>aliquod</span> 
     </span>
     <span class='ocr_line' id='line_1_9' title="bbox 89 1552 1099 1645; baseline 0 -17"><span class='ocrx_word' id='word_1_57' title='bbox 89 1575 238 1645; x_wconf 83' lang='lat' dir='ltr'><strong>germen.</strong></span> <span class='ocrx_word' id='word_1_58' title='bbox 296 1552 421 1625; x_wconf 87' lang='lat' dir='ltr'><strong>Omnes</strong></span> <span class='ocrx_word' id='word_1_59' title='bbox 448 1554 553 1625; x_wconf 88' lang='lat' dir='ltr'><strong>etiam</strong></span> <span class='ocrx_word' id='word_1_60' title='bbox 579 1559 711 1628; x_wconf 88' lang='lat' dir='ltr'><strong>montes</strong></span> <span class='ocrx_word' id='word_1_61' title='bbox 740 1577 760 1627; x_wconf 94' lang='lat' dir='ltr'><strong>a</strong></span> <span class='ocrx_word' id='word_1_62' title='bbox 787 1557 915 1628; x_wconf 85' lang='lat' dir='ltr'><strong>dextris</strong></span> <span class='ocrx_word' id='word_1_63' title='bbox 943 1560 979 1627; x_wconf 88' lang='lat' dir='ltr'><strong>et</strong></span> <span class='ocrx_word' id='word_1_64' title='bbox 1006 1577 1027 1627; x_wconf 88' lang='lat' dir='ltr'><strong>a</strong></span> <span class='ocrx_word' id='word_1_65' title='bbox 1054 1557 1099 1628; x_wconf 91' lang='lat' dir='ltr'><strong>si·</strong></span> 
     </span>
     <span class='ocr_line' id='line_1_10' title="bbox 88 1688 1099 1781; baseline 0.003 -22"><span class='ocrx_word' id='word_1_66' title='bbox 88 1689 200 1762; x_wconf 86' lang='lat' dir='ltr'><strong>nistris</strong></span> <span class='ocrx_word' id='word_1_67' title='bbox 227 1688 361 1761; x_wconf 88' lang='lat' dir='ltr'><strong>steriles</strong></span> <span class='ocrx_word' id='word_1_68' title='bbox 393 1692 471 1760; x_wconf 85' lang='lat' dir='ltr'><strong>sunt</strong></span> <span class='ocrx_word' id='word_1_69' title='bbox 498 1688 541 1758; x_wconf 91' lang='lat' dir='ltr'><strong>ad</strong></span> <span class='ocrx_word' id='word_1_70' title='bbox 574 1709 632 1761; x_wconf 82' lang='lat' dir='ltr'><strong>sex</strong></span> <span class='ocrx_word' id='word_1_71' title='bbox 666 1690 790 1762; x_wconf 86' lang='lat' dir='ltr'><strong>leucas.</strong></span> <span class='ocrx_word' id='word_1_72' title='bbox 846 1689 955 1781; x_wconf 83' lang='lat' dir='ltr'><strong>Supra</strong></span> <span class='ocrx_word' id='word_1_73' title='bbox 989 1691 1099 1778; x_wconf 90' lang='lat' dir='ltr'><strong>ipsum</strong></span> 
     </span>
     <span class='ocr_line' id='line_1_11' title="bbox 87 1821 1098 1914; baseline 0.002 -21"><span class='ocrx_word' id='word_1_74' title='bbox 87 1824 198 1896; x_wconf 82' lang='lat' dir='ltr'><strong>lesum</strong></span> <span class='ocrx_word' id='word_1_75' title='bbox 232 1823 267 1893; x_wconf 92' lang='lat' dir='ltr'><strong>in</strong></span> <span class='ocrx_word' id='word_1_76' title='bbox 301 1821 461 1894; x_wconf 84' lang='lat' dir='ltr'><strong>descensu</strong></span> <span class='ocrx_word' id='word_1_77' title='bbox 495 1821 643 1895; x_wconf 82' lang='lat' dir='ltr'><strong>Arabiae</strong></span> <span class='ocrx_word' id='word_1_78' title='bbox 683 1829 734 1895; x_wconf 90' lang='lat' dir='ltr'><strong>est</strong></span> <span class='ocrx_word' id='word_1_79' title='bbox 768 1823 982 1913; x_wconf 74' lang='lat' dir='ltr'><strong>Carnam,</strong></span> <span class='ocrx_word' id='word_1_80' title='bbox 1023 1844 1098 1914; x_wconf 90' lang='lat' dir='ltr'><strong>spe-</strong></span> 
     </span>
     <span class='ocr_line' id='line_1_12' title="bbox 88 1955 1138 2046; baseline 0.007 -19"><span class='ocrx_word' id='word_1_81' title='bbox 88 1958 187 2029; x_wconf 86' lang='lat' dir='ltr'><strong>lunca</strong></span> <span class='ocrx_word' id='word_1_82' title='bbox 214 1957 445 2046; x_wconf 87' lang='lat' dir='ltr'><strong>moabitarum,</strong></span> <span class='ocrx_word' id='word_1_83' title='bbox 475 1956 519 2027; x_wconf 90' lang='lat' dir='ltr'><strong>ad</strong></span> <span class='ocrx_word' id='word_1_84' title='bbox 546 1976 646 2046; x_wconf 90' lang='lat' dir='ltr'><strong>quam</strong></span> <span class='ocrx_word' id='word_1_85' title='bbox 657 1957 796 2028; x_wconf 89' lang='lat' dir='ltr'><strong>Baalam</strong></span> <span class='ocrx_word' id='word_1_86' title='bbox 823 1956 867 2027; x_wconf 91' lang='lat' dir='ltr'><strong>ad</strong></span> <span class='ocrx_word' id='word_1_87' title='bbox 893 1955 1097 2029; x_wconf 82' lang='lat' dir='ltr'><strong>maledicen·</strong></span> <span class='ocrx_word' id='word_1_88' title='bbox 1136 2028 1138 2034; x_wconf 16' lang='grc' dir='ltr'><em>Α</em></span> 
     </span>
     <span class='ocr_line' id='line_1_13' title="bbox 89 2088 1096 2181; baseline -0.002 -19"><span class='ocrx_word' id='word_1_89' title='bbox 89 2092 167 2162; x_wconf 91' lang='lat' dir='ltr'><strong>dum</strong></span> <span class='ocrx_word' id='word_1_90' title='bbox 202 2090 371 2163; x_wconf 85' lang='lat' dir='ltr'><strong>deductus</strong></span> <span class='ocrx_word' id='word_1_91' title='bbox 404 2094 469 2181; x_wconf 85' lang='lat' dir='ltr'><strong>est,</strong></span> <span class='ocrx_word' id='word_1_92' title='bbox 508 2089 641 2180; x_wconf 84' lang='lat' dir='ltr'><strong>quando</strong></span> <span class='ocrx_word' id='word_1_93' title='bbox 675 2090 783 2179; x_wconf 87' lang='lat' dir='ltr'><strong>asina,</strong></span> <span class='ocrx_word' id='word_1_94' title='bbox 827 2089 880 2161; x_wconf 87' lang='lat' dir='ltr'><strong>eui</strong></span> <span class='ocrx_word' id='word_1_95' title='bbox 919 2088 1096 2180; x_wconf 84' lang='lat' dir='ltr'><strong>insidebat,</strong></span> 
     </span>
     <span class='ocr_line' id='line_1_14' title="bbox 88 2214 1097 2322; baseline -0.001 -28"><span class='ocrx_word' id='word_1_96' title='bbox 88 2226 202 2298; x_wconf 85' lang='lat' dir='ltr'><strong>locuta</strong></span> <span class='ocrx_word' id='word_1_97' title='bbox 235 2229 296 2296; x_wconf 89' lang='lat' dir='ltr'><strong>est.</strong></span> <span class='ocrx_word' id='word_1_98' title='bbox 353 2223 447 2296; x_wconf 85' lang='lat' dir='ltr'><strong>Istud</strong></span> <span class='ocrx_word' id='word_1_99' title='bbox 479 2244 572 2295; x_wconf 90' lang='lat' dir='ltr'><strong>mare</strong></span> <span class='ocrx_word' id='word_1_100' title='bbox 601 2222 720 2294; x_wconf 90' lang='lat' dir='ltr'><strong>dividit</strong></span> <span class='ocrx_word' id='word_1_101' title='bbox 747 2223 874 2294; x_wconf 91' lang='lat' dir='ltr'><strong>Indiam</strong></span> <span class='ocrx_word' id='word_1_102' title='bbox 904 2214 1097 2322; x_wconf 84' lang='lat' dir='ltr'><strong>(Judaeam)</strong></span> 
     </span>
     <span class='ocr_line' id='line_1_15' title="bbox 90 2358 298 2431; baseline 0.005 -1"><span class='ocrx_word' id='word_1_103' title='bbox 90 2358 130 2431; x_wconf 93' lang='lat' dir='ltr'><strong>ab</strong></span> <span class='ocrx_word' id='word_1_104' title='bbox 158 2358 298 2431; x_wconf 88' lang='lat' dir='ltr'><strong>Arabia.</strong></span> 
     </span>
    </p>

    <p class='ocr_par' dir='ltr' id='par_1_5' title="bbox 90 2488 1105 3650">
     <span class='ocr_line' id='line_1_16' title="bbox 168 2488 1101 2581; baseline -0.004 -17"><span class='ocrx_word' id='word_1_105' title='bbox 168 2491 329 2564; x_wconf 62' lang='lat' dir='ltr'><strong>Arabia</strong></span> <span class='ocrx_word' id='word_1_106' title='bbox 362 2495 513 2581; x_wconf 89' lang='lat' dir='ltr'><strong>tempore</strong></span> <span class='ocrx_word' id='word_1_107' title='bbox 547 2488 692 2561; x_wconf 86' lang='lat' dir='ltr'><strong>filiorum</strong></span> <span class='ocrx_word' id='word_1_108' title='bbox 725 2490 830 2561; x_wconf 89' lang='lat' dir='ltr'><strong>Israel</strong></span> <span class='ocrx_word' id='word_1_109' title='bbox 863 2490 1032 2563; x_wconf 90' lang='lat' dir='ltr'><strong>desertum</strong></span> <span class='ocrx_word' id='word_1_110' title='bbox 1066 2494 1101 2561; x_wconf 96' lang='lat' dir='ltr'><strong>et</strong></span> 
     </span>
     <span class='ocr_line' id='line_1_17' title="bbox 90 2621 1101 2715; baseline -0.003 -18"><span class='ocrx_word' id='word_1_111' title='bbox 90 2627 236 2698; x_wconf 85' lang='lat' dir='ltr'><strong>solitudo</strong></span> <span class='ocrx_word' id='word_1_112' title='bbox 278 2629 370 2715; x_wconf 86' lang='lat' dir='ltr'><strong>erat,</strong></span> <span class='ocrx_word' id='word_1_113' title='bbox 419 2624 477 2695; x_wconf 93' lang='lat' dir='ltr'><strong>ubi</strong></span> <span class='ocrx_word' id='word_1_114' title='bbox 519 2624 664 2695; x_wconf 90' lang='lat' dir='ltr'><strong>detinuit</strong></span> <span class='ocrx_word' id='word_1_115' title='bbox 706 2643 763 2696; x_wconf 85' lang='lat' dir='ltr'><strong>eus</strong></span> <span class='ocrx_word' id='word_1_116' title='bbox 800 2621 965 2694; x_wconf 89' lang='lat' dir='ltr'><strong>Dominus</strong></span> <span class='ocrx_word' id='word_1_117' title='bbox 1008 2623 1101 2694; x_wconf 91' lang='lat' dir='ltr'><strong>aunis</strong></span> 
     </span>
     <span class='ocr_line' id='line_1_18' title="bbox 93 2756 1102 2850; baseline -0.003 -21"><span class='ocrx_word' id='word_1_118' title='bbox 93 2759 324 2850; x_wconf 83' lang='lat' dir='ltr'><strong>quadraginta,</strong></span> <span class='ocrx_word' id='word_1_119' title='bbox 353 2759 473 2849; x_wconf 88' lang='lat' dir='ltr'><strong>pluens</strong></span> <span class='ocrx_word' id='word_1_120' title='bbox 502 2759 549 2829; x_wconf 88' lang='lat' dir='ltr'><strong>eis</strong></span> <span class='ocrx_word' id='word_1_121' title='bbox 568 2779 689 2828; x_wconf 88' lang='lat' dir='ltr'><strong>manna</strong></span> <span class='ocrx_word' id='word_1_122' title='bbox 716 2759 758 2829; x_wconf 92' lang='lat' dir='ltr'><strong>de</strong></span> <span class='ocrx_word' id='word_1_123' title='bbox 780 2757 885 2846; x_wconf 84' lang='lat' dir='ltr'><strong>coelo,</strong></span> <span class='ocrx_word' id='word_1_124' title='bbox 915 2757 972 2828; x_wconf 90' lang='lat' dir='ltr'><strong>ubi</strong></span> <span class='ocrx_word' id='word_1_125' title='bbox 1000 2756 1102 2827; x_wconf 90' lang='lat' dir='ltr'><strong>etiam</strong></span> 
     </span>
     <span class='ocr_line' id='line_1_19' title="bbox 95 2891 1102 2983; baseline -0.005 -18"><span class='ocrx_word' id='word_1_126' title='bbox 95 2894 249 2966; x_wconf 83' lang='lat' dir='ltr'><strong>columna</strong></span> <span class='ocrx_word' id='word_1_127' title='bbox 281 2893 365 2982; x_wconf 82' lang='lat' dir='ltr'><strong>ignis</strong></span> <span class='ocrx_word' id='word_1_128' title='bbox 399 2913 462 2983; x_wconf 93' lang='lat' dir='ltr'><strong>per</strong></span> <span class='ocrx_word' id='word_1_129' title='bbox 494 2896 630 2962; x_wconf 86' lang='lat' dir='ltr'><strong>nectem</strong></span> <span class='ocrx_word' id='word_1_130' title='bbox 661 2891 843 2982; x_wconf 84' lang='lat' dir='ltr'><strong>praecessit</strong></span> <span class='ocrx_word' id='word_1_131' title='bbox 882 2911 954 2980; x_wconf 79' lang='lat' dir='ltr'><strong>ede,</strong></span> <span class='ocrx_word' id='word_1_132' title='bbox 997 2891 1102 2962; x_wconf 90' lang='lat' dir='ltr'><strong>nubes</strong></span> 
     </span>
     <span class='ocr_line' id='line_1_20' title="bbox 93 3023 1104 3114; baseline -0.005 -15"><span class='ocrx_word' id='word_1_133' title='bbox 93 3048 176 3099; x_wconf 86' lang='lat' dir='ltr'><strong>uere</strong></span> <span class='ocrx_word' id='word_1_134' title='bbox 205 3026 346 3098; x_wconf 86' lang='lat' dir='ltr'><strong>vallavit</strong></span> <span class='ocrx_word' id='word_1_135' title='bbox 375 3047 432 3097; x_wconf 85' lang='lat' dir='ltr'><strong>ees</strong></span> <span class='ocrx_word' id='word_1_136' title='bbox 459 3024 599 3114; x_wconf 84' lang='lat' dir='ltr'><strong>singulis</strong></span> <span class='ocrx_word' id='word_1_137' title='bbox 628 3024 762 3114; x_wconf 77' lang='lat' dir='ltr'><strong>diebuS,</strong></span> <span class='ocrx_word' id='word_1_138' title='bbox 800 3028 835 3094; x_wconf 91' lang='lat' dir='ltr'><strong>et</strong></span> <span class='ocrx_word' id='word_1_139' title='bbox 870 3023 993 3095; x_wconf 90' lang='lat' dir='ltr'><strong>ibidem</strong></span> <span class='ocrx_word' id='word_1_140' title='bbox 1021 3042 1104 3113; x_wconf 89' lang='lat' dir='ltr'><strong>qua-</strong></span> 
     </span>
     <span class='ocr_line' id='line_1_21' title="bbox 95 3135 1104 3248; baseline -0.005 -17"><span class='ocrx_word' id='word_1_141' title='bbox 95 3160 252 3248; x_wconf 82' lang='lat' dir='ltr'><strong>draginta</strong></span> <span class='ocrx_word' id='word_1_142' title='bbox 292 3160 481 3231; x_wconf 87' lang='lat' dir='ltr'><strong>mansinnes</strong></span> <span class='ocrx_word' id='word_1_143' title='bbox 527 3157 672 3229; x_wconf 84' lang='lat' dir='ltr'><strong>filiorum</strong></span> <span class='ocrx_word' id='word_1_144' title='bbox 725 3135 842 3229; x_wconf 89' lang='lat' dir='ltr'><strong>Israel.</strong></span> <span class='ocrx_word' id='word_1_145' title='bbox 917 3156 1025 3229; x_wconf 85' lang='lat' dir='ltr'><strong>Exod.</strong></span> <span class='ocrx_word' id='word_1_146' title='bbox 1068 3161 1104 3227; x_wconf 96' lang='lat' dir='ltr'><strong>et</strong></span> 
     </span>
     <span class='ocr_line' id='line_1_22' title="bbox 94 3289 1103 3382; baseline -0.007 -17"><span class='ocrx_word' id='word_1_147' title='bbox 94 3292 194 3365; x_wconf 88' lang='lat' dir='ltr'><strong>Num.</strong></span> <span class='ocrx_word' id='word_1_148' title='bbox 228 3295 287 3364; x_wconf 86' lang='lat'><strong>33.</strong></span> <span class='ocrx_word' id='word_1_149' title='bbox 355 3292 461 3365; x_wconf 86' lang='lat' dir='ltr'><strong>Nota:</strong></span> <span class='ocrx_word' id='word_1_150' title='bbox 502 3291 630 3363; x_wconf 89' lang='lat' dir='ltr'><strong>Arabia</strong></span> <span class='ocrx_word' id='word_1_151' title='bbox 670 3291 885 3382; x_wconf 78' lang='lat' dir='ltr'><strong>cunjungitur</strong></span> <span class='ocrx_word' id='word_1_152' title='bbox 924 3289 1103 3361; x_wconf 90' lang='lat' dir='ltr'><strong>Idumaeae</strong></span> 
     </span>
     <span class='ocr_line' id='line_1_23' title="bbox 93 3420 1104 3499; baseline -0.008 -2"><span class='ocrx_word' id='word_1_153' title='bbox 93 3429 128 3497; x_wconf 91' lang='lat' dir='ltr'><strong>in</strong></span> <span class='ocrx_word' id='word_1_154' title='bbox 157 3425 341 3499; x_wconf 86' lang='lat' dir='ltr'><strong>confinibus</strong></span> <span class='ocrx_word' id='word_1_155' title='bbox 368 3427 550 3498; x_wconf 84' lang='lat' dir='ltr'><strong>Bostarem</strong></span> <span class='ocrx_word' id='word_1_156' title='bbox 606 3425 799 3497; x_wconf 92' lang='lat' dir='ltr'><strong>Idumaea</strong></span> <span class='ocrx_word' id='word_1_157' title='bbox 832 3428 882 3495; x_wconf 90' lang='lat' dir='ltr'><strong>est</strong></span> <span class='ocrx_word' id='word_1_158' title='bbox 917 3427 1007 3492; x_wconf 90' lang='lat' dir='ltr'><strong>terra</strong></span> <span class='ocrx_word' id='word_1_159' title='bbox 1034 3420 1104 3490; x_wconf 89' lang='lat' dir='ltr'><strong>Da·</strong></span> 
     </span>
     <span class='ocr_line' id='line_1_24' title="bbox 94 3552 1105 3650; baseline -0.009 -19"><span class='ocrx_word' id='word_1_160' title='bbox 94 3561 215 3650; x_wconf 81' lang='lat' dir='ltr'><strong>masci3</strong></span> <span class='ocrx_word' id='word_1_161' title='bbox 255 3566 356 3650; x_wconf 86' lang='lat' dir='ltr'><strong>caput</strong></span> <span class='ocrx_word' id='word_1_162' title='bbox 388 3559 506 3649; x_wconf 81' lang='lat' dir='ltr'><strong>Syriae</strong></span> <span class='ocrx_word' id='word_1_163' title='bbox 546 3557 681 3649; x_wconf 89' lang='lat' dir='ltr'><strong>quidem</strong></span> <span class='ocrx_word' id='word_1_164' title='bbox 719 3557 953 3628; x_wconf 82' lang='lat' dir='ltr'><strong>Damascus.</strong></span> <span class='ocrx_word' id='word_1_165' title='bbox 1027 3552 1105 3623; x_wconf 84' lang='lat' dir='ltr'><strong>idu-</strong></span> 
     </span>
    </p>
   </div>
   <div class='ocr_carea' id='block_1_5' title="bbox 94 3686 1102 3785">
    <p class='ocr_par' dir='ltr' id='par_1_6' title="bbox 94 3686 1102 3785">
     <span class='ocr_line' id='line_1_25' title="bbox 94 3686 1102 3785; baseline -0.005 -19"><span class='ocrx_word' id='word_1_166' title='bbox 94 3714 226 3766; x_wconf 88' lang='lat' dir='ltr'><strong>maeam</strong></span> <span class='ocrx_word' id='word_1_167' title='bbox 247 3700 283 3765; x_wconf 91' lang='lat' dir='ltr'><strong>et</strong></span> <span class='ocrx_word' id='word_1_168' title='bbox 301 3694 489 3769; x_wconf 86' lang='lat' dir='ltr'><strong>Veneciam</strong></span> <span class='ocrx_word' id='word_1_169' title='bbox 510 3690 754 3785; x_wconf 82' lang='lat' dir='ltr'><strong>(Phoeniciam)</strong></span> <span class='ocrx_word' id='word_1_170' title='bbox 773 3690 890 3762; x_wconf 87' lang='lat' dir='ltr'><strong>dividit</strong></span> <span class='ocrx_word' id='word_1_171' title='bbox 908 3686 1102 3761; x_wconf 80' lang='lat' dir='ltr'><strong>Libanus.</strong></span> 
     </span>
    </p>
   </div>
   <div class='ocr_carea' id='block_1_6' title="bbox 0 0 1402 4290">
    <p class='ocr_par' dir='ltr' id='par_1_7' title="bbox 0 0 1402 4290">
     <span class='ocr_line' id='line_1_26' title="bbox 0 0 1402 4290; baseline 0 0"><span class='ocrx_word' id='word_1_172' title='bbox 0 0 1402 4290; x_wconf 95' lang='lat' dir='ltr'><strong> </strong></span> 
     </span>
    </p>
   </div>
  </div>
 </body>
</html>
