2782 4290
308 350 426 432 ao'

307 549 400 621 nicae
428 551 464 620 61
490 547 642 638 aliorum,
672 546 830 638 quicum
859 567 899 618 eo
928 544 1075 620 crucifixi
1089 553 1195 621 erant.
1235 547 1319 623 Illae

309 704 378 755 non
405 687 484 754 sunt
511 702 598 752 nunc
625 681 659 751 in
688 681 838 770 ecclesia,
866 681 926 752 sed
949 681 1135 753 forisstant
1150 682 1210 753 sub
1226 686 1321 756 tecto

309 821 405 888 extra
435 815 621 887 ecclesiam.
652 813 698 886 Et
725 815 881 887 ibisecus
896 821 945 886 est
961 814 1018 886 ille
1041 814 1167 905 hortus,
1196 815 1320 908 inquo

308 955 384 1022 erat
411 948 677 1039 sepulchrum
705 947 950 1019 salvatoris.
995 947 1083 1019 lllud
1109 949 1322 1039 sepulchrum

307 1083 421 1155 luerat
449 1082 483 1152 in
509 1087 608 1173 petra
635 1081 794 1172 excisum,
831 1087 866 1152 et
902 1081 960 1152 illa
992 1086 1090 1171 petra
1121 1088 1190 1153 stat
1217 1105 1322 1174 super

307 1223 443 1310 terram,
473 1219 508 1285 et
537 1218 590 1285 cst
619 1215 788 1305 quadrans
815 1214 942 1285 inimo
970 1220 1005 1285 et
1031 1214 1065 1284 in
1081 1236 1211 1287 summo
1241 1218 1321 1290 suh-

309 1349 388 1420 tilis.
445 1347 491 1419 Et
518 1353 587 1420 stat
613 1369 700 1420 nunc
733 1348 766 1418 in
803 1347 997 1419 summitate
1030 1348 1117 1419 illius
1150 1350 1327 1451 sepulchri.

308 1504 404 1571 crux,
445 1488 480 1553 et
519 1483 566 1553 ibi
602 1502 701 1573 supra
729 1502 816 1552 nunc
855 1479 1034 1552 aedificata
1072 1488 1124 1553 661
1156 1483 1318 1556 mirabilis

309 1616 438 1707 domus,
468 1621 503 1687 et
530 1617 564 1687 in
593 1615 747 1686 orientali
773 1615 876 1705 plaga
903 1614 938 1684 in
955 1613 1012 1684 illa
1029 1620 1128 1705 petra
1151 1617 1319 1708 sepulchri

309 1757 361 1823 est
389 1749 512 1821 ostium
539 1748 681 1838 lactum,
719 1768 782 1838 per
820 1746 909 1837 quod
942 1747 1069 1847 intrant
1104 1749 1257 1825 homiues
1284 1754 1320 1824 in

307 1884 519 1976 sepulchrum
557 1902 666 1954 orare.
722 1880 769 1952 Et
805 1881 851 1952 ihi
879 1887 929 1951 est
966 1881 1056 1952 intus
1096 1881 1219 1973 lcctuS,
1262 1887 1320 1958 uhi

194 2073 197 2079 .
309 2039 431 2109 corpus
471 2016 605 2087 Domini
641 2016 789 2109 jacebat.
850 2014 899 2112 Et
935 2014 980 2086 ibi
1018 2020 1112 2086 stant
1151 2018 1318 2091 inlecto

309 2149 499 2242 quindecim
531 2155 683 2221 craterae
720 2171 843 2222 aureae
872 2170 946 2220 cum
974 2149 1048 2220 oleo
1076 2151 1237 2224 ardentes
1265 2154 1319 2225 die

308 2289 487 2374 noctuque.
544 2283 604 2353 llle
631 2284 747 2374 lectus,
776 2284 810 2353 in
840 2304 905 2373 quo
934 2304 1055 2374 corpus
1071 2284 1205 2355 Domini
1224 2287 1319 2376 jace-

306 2419 374 2506 bat,
405 2422 474 2487 6161
501 2416 535 2486 in
562 2417 670 2487 latere
692 2417 855 2508 aquilonis
872 2418 960 2488 intus
975 2418 1009 2488 in
1027 2422 1124 2508 petra
1141 2421 1318 2515 sepulchri,

307 2560 342 2623 et
368 2550 497 2621 homini
527 2554 579 2620 661
611 2549 646 2619 in
680 2549 797 2622 dextra
833 2573 948 2640 manu,
985 2552 1117 2641 quando
1151 2553 1256 2624 intrat
1284 2557 1318 2626 in

184 2669 187 2674 ¹
307 2683 522 2775 sepulchrum
550 2703 659 2754 orare.
715 2683 762 2754 Et
797 2684 843 2756 ibi
876 2690 954 2755 ante
983 2685 1122 2776 Januam
1150 2687 1318 2777 sepulchri

303 2819 398 2911 jacet
414 2815 471 2886 ille
483 2815 568 2906 lupis
585 2837 723 2906 magnus
738 2819 904 2909 quadrans
916 2819 950 2889 in
966 2819 1181 2891 similitudine
1194 2821 1318 2911 prioris

187 2975 188 2978 ¹
309 2951 440 3042 lapidis
468 2969 568 3039 quem
586 2953 725 3041 angelus
745 2952 890 3024 revolvit
910 2952 953 3023 ah
981 2953 1069 3023 ostio
1096 2957 1317 3027 monumenti,

308 3225 389 3315 XIX.
425 3244 629 3314 willibaldus
654 3246 814 3328 aegrotus,
844 3242 975 3315 ecelesia
1006 3245 1118 3337 sanctu
1141 3244 1224 3324 Sion,
1247 3261 1317 3329 por·

488 3354 572 3445 tiens
596 3351 785 3432 Salomonis,
808 3350 931 3434 piscina
953 3350 1132 3434 probatica.

386 3492 435 3564 Et
462 3493 540 3564 illuc
567 3491 726 3562 veniebat
758 3491 791 3559 io
829 3489 1012 3561 festivitate
1044 3490 1147 3561 sancti
1175 3490 1318 3564 Martini

307 3629 480 3720 episcopus
514 3596 639 3698 noster.
695 3622 744 3693 Et
776 3624 842 3694 cito
872 3629 914 3694 -ut
945 3623 1024 3696 illuc
1058 3623 1169 3718 venit,
1205 3584 1319 3725 coepit
