2782 4290
1161 381 1203 447 87

273 557 307 625 4.
336 553 510 627 Exeuntes
542 555 585 629 de
619 557 745 648 Barre,
781 558 1022 634 ambulavimus
1056 560 1101 631 ad
1136 582 1204 639 me=

190 688 312 760 ridiem
338 686 475 779 perXG
501 690 657 762 milliania
684 713 790 782 usque
818 691 861 762 ad
887 698 1023 784 portum
1051 695 1205 768 Taren-

191 823 312 893 tinae
340 821 500 914 eivitatis,
535 823 593 896 ubi
626 824 813 898 invenimus
840 846 943 898 naves
969 847 1038 917 sex,
1066 827 1100 898 in
1130 828 1203 918 qui·

190 958 252 1029 bus
287 959 385 1027 erant
418 977 542 1029 novem
575 957 679 1030 millia
712 958 920 1050 captivorum
954 960 997 1031 de
1032 961 1201 1033 beneven-

190 1091 279 1163 tanis
307 1091 508 1164 christianis.
564 1088 605 1161 lu
632 1091 760 1165 duabus
788 1095 909 1183 nempe
936 1093 1087 1183 navibus,
1116 1115 1203 1184 quae

184 1224 298 1317 primo
327 1224 484 1297 exierunt
511 1223 664 1297 Africam
690 1230 856 1318 petentes,
894 1230 991 1297 erant
1018 1229 1071 1299 ΠΙ
1098 1227 1203 1298 millia

187 1358 325 1451 eaptivi;
361 1357 447 1431 aliae
482 1359 587 1450 duae,
623 1363 700 1451 post
727 1363 905 1451 exeuntes,
933 1361 968 1432 in
996 1359 1200 1453 Tripolim

186 1492 401 1566 deduxerunt
427 1491 579 1566 similiter
607 1494 672 1564 Ill.

271 1627 305 1697 5.
335 1624 376 1696 In
409 1625 549 1717 reliquis
581 1626 715 1700 demum
747 1627 877 1700 duabus
908 1627 1137 1718 introeuntes
1165 1628 1200 1699 in

189 1760 313 1853 quibus
341 1781 476 1851 quoque
503 1760 696 1852 praedictus
713 1765 787 1834 erat
802 1738 961 1834 numerus
976 1761 1196 1853 captivorum,

188 1893 296 1966 delati
324 1914 437 1966 snmus
462 1894 498 1965 in
523 1898 661 1986 portum
687 1892 982 1985 Alexandriae,
1010 1893 1201 1983 naviganti·
1313 1967 1317 1974 ,

186 2029 250 2100 bus
279 2026 399 2099 diebus
425 2026 536 2098 XXX.
573 2012 739 2101 Volentes
765 2048 848 2102 vero
874 2027 1034 2120 progredi
1048 2028 1082 2098 in
1095 2027 1199 2120 littus,

185 2161 347 2253 prohibiti
383 2181 495 2233 snmus
536 2182 556 2232 a
593 2161 744 2254 principe
787 2165 981 2250 nautarum,
1022 2160 1078 2252 qui
1119 2163 1197 2233 erat

184 2315 288 2387 super
314 2291 386 2365 LX.
416 2292 462 2367 Ut
488 2300 602 2367 autem
628 2295 726 2367 nobis
755 2295 851 2387 eopia
878 2293 1016 2366 daretm
1042 2290 1197 2383 exeundi,

186 2428 341 2501 dedimus
369 2448 489 2500 aureos
516 2427 577 2500 Vl.

268 2566 303 2634 6.
338 2559 422 2634 Inde
449 2561 620 2653 progressi
647 2559 809 2634 adivimus
838 2559 1025 2653 prinoipem
1052 2557 1199 2632 Alexan·

186 2697 291 2787 drino,
322 2696 376 2768 eui
403 2694 609 2768 ostendimus
636 2694 822 2786 epistolam,
852 2714 952 2785 quam
979 2692 1074 2766 nobis
1103 2690 1198 2765 dedit

189 2804 364 2904 suldanus:
400 2849 485 2920 quae
522 2828 605 2900 nihil
641 2827 736 2900 nobis
770 2825 932 2920 profecit,
969 2825 1048 2898 ieet
1087 2846 1201 2898 omnes

186 2964 277 3037 illius
307 2963 464 3054 epistolas
499 2962 621 3036 dixerit
654 2981 691 3034 se
724 2981 792 3032 non
817 2960 986 3050 ignorare.
1043 2956 1116 3050 Quo
1144 2977 1201 3028 ur·

187 3101 306 3187 geute,
336 3094 430 3169 dedit
458 3097 489 3167 ei
517 3094 745 3188 unusquisque
777 3096 930 3164 nostrum
956 3111 1020 3180 pro
1047 3111 1083 3164 se
1110 3089 1200 3178 XIII

187 3231 353 3319 denarios,
383 3229 528 3303 etfacit
561 3229 659 3300 nobis
686 3227 821 3298 litteras
849 3216 905 3296 ad‘
919 3224 1104 3316 principem
1130 3225 1199 3296 Ba·

188 3364 356 3457 byloniae.
412 3361 628 3435 Consuetudo
661 3362 843 3450 praeterea
868 3357 1002 3431 illorum
1029 3357 1202 3430 hominum

188 3498 263 3570 talis
293 3502 355 3588 est,
384 3501 423 3568 ut
450 3496 541 3588 quod
566 3491 746 3587 ponderari
763 3489 892 3583 potest,
920 3510 989 3561 non
1004 3490 1102 3562 aliter
1115 3488 1201 3561 aoei-

180 3632 302 3722 piatur
328 3630 394 3706 nisi
419 3630 455 3705 in
480 3627 644 3721 pondere.
692 3623 791 3701 Unde
819 3623 951 3716 accidit,
979 3627 1017 3696 ut
1043 3620 1095 3702 VI
1113 3619 1203 3712 apud
