2782 4290
191 433 234 498 68

190 611 346 702 moroioc
372 633 479 703 osque
506 611 555 681 aci
580 611 770 701 moroiocm
792 607 943 699 ficorum
955 610 1085 700 3331133,
1115 636 1206 704 quoe

192 746 313 835 mucia,
341 750 422 816 moto
435 744 596 834 Domioo,
626 744 790 836 opportuit
817 764 938 835 eoaque
951 743 1080 817 docimo
1107 748 1206 820 tortio

192 878 382 950 dominicae
395 879 585 951 ootioitotis
599 879 655 950 iic
670 875 914 949 cicBetioioitcm
921 878 1100 967 pertimuit.
1122 880 1205 952 Inde

192 1033 316 1085 venere
344 1013 574 1101 Thecuam,
603 1012 669 1101 ubi,
700 1009 825 1083 Christi
841 1012 1067 1101 coaequaevis
1090 1013 1203 1105 (coao-

190 1145 254 1236 vis)
289 1145 333 1217 ab
367 1145 507 1218 Herode
541 1144 727 1233 3333113313,
762 1142 964 1215 Notiomoei
996 1143 1058 1215 aab
1082 1145 1205 1233 fimo

190 1284 300 1349 motio
327 1278 511 1349 obooooaus
539 1279 663 1365 oooait,
698 1276 840 1368 ideoque
872 1278 923 1349 oio
949 1277 1078 1349 dictam
1105 1285 1156 1350 333
1183 1305 1206 1352 o

191 1411 360 1484 Domimo:
404 1411 494 1498 Qmio
529 1434 605 1481 cmm
639 1432 728 1482 33333
761 1409 822 1482 sub
856 1409 941 1501 333,
982 1412 1072 1482 oooi.
1122 1414 1206 1488 Inde

190 1568 252 1637 per
301 1547 479 1635 lauram,
529 1545 587 1618 ubi
635 1550 808 1616 sanctus
855 1544 964 1617 Saba
1009 1548 1202 1640 requiescit,

188 1701 309 1751 uomere
327 1681 436 1767 joam
455 1680 567 1750 oicmm
580 1677 770 1750 Botamro
798 1678 846 1749 od
874 1700 1011 1769 aquom,
1041 1703 1131 1772 quoe
1151 1706 1204 1754 co-

189 1813 283 1901 dem,
319 1813 357 1883 im
392 1835 457 1903 quo
481 1812 652 1902 oiooitmr,
681 1810 834 1883 sorbeio-r
861 1811 951 1883 ioco:
985 1813 1022 1883 io
1050 1837 1118 1904 qmo
1146 1839 1204 1888 oc-

189 1947 299 2036 titiopa
333 1945 375 2017 ob
409 1944 538 2015 ultimis
572 1950 685 2015 terrac
708 1943 852 2033 morbos,
888 1945 1024 2017 oisitoto
1057 1945 1204 2021 Domini

191 2080 324 2170 templo,
360 2100 420 2174 por
446 2078 635 2168 Philippum
669 2079 874 2169 baptizatuS,
909 2079 1058 2150 oiciomm
1085 2081 1204 2155 [scaci

183 2212 438 2303 mococoicmio
466 2212 593 2301 moiicm
627 2234 726 2283 suom
760 2212 921 2300 mmtooit,
961 2213 999 2283 ici
1033 2220 1098 2306 333,
1132 2217 1203 2305 fioic

189 2345 756 2435 33313333333333313193333333
783 2345 949 2435 deposuit.
1006 2347 1089 2422 Inde
1126 2372 1201 2423 cum

190 2480 344 2550 venirent
380 2477 547 2566 Gazam,
592 2479 715 2548 auditis
748 2479 838 2568 apud
873 2486 1062 2551 sanctum
1097 2482 1201 2556 Mat-

188 2611 319 2681 thiam
358 2611 533 2680 missarum
574 2610 771 2702 sollemnia,
814 2619 947 2684 sanctus
981 2613 1199 2689 Willibaldus

188 2742 302 2813 lumen
330 2743 504 2813 oculorum
533 2744 664 2816 dimisit.

273 2879 332 2946 13.
362 2877 442 2949 Inde
475 2899 538 2969 per
572 2879 798 2951 castellum
831 2878 1100 2972 Aiframiam‚
1143 2884 1201 2956 ubi

189 3015 258 3080 3333
289 3012 520 3101 patriarchae,
556 3012 745 3102 Abraham,
782 3011 874 3083 13333
902 3019 937 3086 33
969 3013 1086 3107 Jacob,
1125 3039 1199 3089 cum

191 3143 258 3214 suis
272 3145 428 3216 uxoribus
443 3145 672 3234 requiescunt,
696 3147 880 3217 revortitur
894 3147 1143 3241 Jerusalem,
1166 3156 1201 3220 ct

187 3277 356 3366 ingressus
377 3280 613 3369 ecclesiam,
643 3279 713 3351 ubi
733 3286 880 3352 sancta
902 3303 1003 3352 crux
1023 3283 1200 3355 inventa

188 3417 254 3502 333,
300 3415 370 3454 ***
415 3420 642 3486 constructam
675 3437 744 3505 per
783 3415 870 3487 imos
904 3416 1077 3487 coecitatis
1118 3439 1200 3488 3333

187 3567 317 3617 meuses
350 3548 456 3619 visum
483 3551 622 3639 recepit.
678 3549 769 3639 Inde,
799 3550 933 3622 visitata
960 3549 1051 3638 apud
1079 3549 1200 3620 Dios-

188 3678 315 3767 polim
343 3680 529 3752 ecclesio
555 3704 582 3752 3.
613 3681 807 3773 Georgii,
835 3704 899 3773 por
924 3680 1112 3772 domoon,
1142 3705 1200 3773 op·
