2782 4290
1057 439 1120 507 175

106 617 221 710 lupide
238 617 281 690 ab
297 616 444 709 ueneno,
471 619 516 691 ad
542 577 711 692 sinistram
740 624 792 691 est
819 618 999 712 desertum,
1028 621 1120 712 quod

107 751 381 842 Quarantana
407 757 556 844 voratur,
586 754 621 824 in
649 754 745 845 eujus
779 753 926 844 quadam
952 775 1037 844 rupe
1065 753 1119 828 Je-

107 906 165 957 sus
196 884 424 975 quadraginta
450 885 580 958 dierum
607 886 816 978 totidemque
849 888 994 960 noctium
1028 889 1121 981 jeju-

107 1018 201 1090 nium
242 1019 438 1111 complevit,
481 1041 624 1111 eumque
663 1021 709 1094 ibi
749 1022 952 1094 esurientem
985 1027 1120 1094 tentans

109 1151 265 1226 diabolus
296 1153 418 1244 inquit:
460 1154 555 1244 Dio,
590 1159 635 1225 ut
671 1154 840 1247 lapides
875 1156 951 1226 isti
981 1176 1122 1247 ‚panes

108 1283 126 1355 f
132 1286 234 1358 iant.
304 1285 457 1359 Secundo
495 1287 650 1359 milliario
687 1308 708 1358 a
747 1288 965 1379 Quarantana
1006 1294 1123 1362 eontra

109 1418 297 1492 Galilaeam
335 1443 447 1494 mons
489 1421 687 1494 excelsus·
713 1421 788 1512 ille,
830 1422 865 1493 in
906 1443 972 1513 quo
1005 1422 1123 1496 Jesum

107 1554 233 1624 iterum
261 1556 424 1646 tentavit,
459 1559 640 1630 ostendens
667 1556 699 1628 ei
728 1556 838 1627 omnia
865 1577 970 1646 regna
997 1558 1122 1648 mundi,

108 1686 277 1776 inquiens:
305 1686 407 1762 Haeo
433 1691 549 1764 omnio
576 1691 637 1763 tibi
664 1689 750 1762 dado
780 1696 844 1762 eto.

192 1820 262 1892 Sub
304 1821 522 1912 Quarantana
562 1823 693 1897 fontis
720 1824 810 1896 illius
836 1824 981 1914 rivulus,
1025 1845 1124 1913 quem

112 1954 252 2028 beatus-
276 1954 311 2027 H
318 1957 518 2050 elisaeuS,
567 1959 640 2052 ejus
680 1964 798 2030 sanata
839 1957 1039 2047 sterilitate,
1082 1957 1125 2030 de

113 2107 232 2160 amaro
272 2091 457 2180 potabilem
495 2092 653 2166 reddidit.
722 2092 814 2165 Ante
851 2090 989 2164 Jericho
1030 2112 1125 2163 seous

111 2222 203 2294 viam
244 2244 398 2297 coecus
438 2226 652 2317 mendicans,
694 2225 850 2315 audiens,
897 2226 986 2315 quod
1026 2224 1125 2297 Jesus

108 2356 289 2448 transiret,
334 2359 547 2431 exclamavit:
581 2357 684 2448 Jesu,
719 2356 774 2446 aa
806 2355 937 2448 Dauid,
966 2359 1126 2430 miserere
1213 2345 1216 2350 ’

108 2490 194 2581 mei,
239 2491 296 2584 qui
333 2492 375 2563 ab
413 2512 455 2566 eo
496 2493 675 2566 illuminari
711 2492 834 2564 meruit
864 2498 932 2563 tam
967 2492 1123 2581 exterius,

108 2646 212 2717 quam
246 2624 397 2698 interius.
455 2626 570 2699 Tertio
599 2627 730 2699 decimo
765 2625 919 2698 milliario
952 2627 996 2698 ab
1023 2625 1125 2699 Jeru-

107 2758 218 2830 salem
259 2765 376 2831 oontra
418 2760 556 2834 boream
594 2759 788 2855 Jericho,
845 2781 887 2832 ex
928 2780 995 2850 qua
1030 2759 1126 2831 Raab

108 2892 291 2984 meretrix,
340 2914 446 2985 quae,
493 2894 670 2985 hospitata
711 2898 854 2984 quatuor
897 2894 1128 2983 exploratores

109 3023 259 3097 filiorum
285 3023 401 3117 lsrael,
430 3028 599 3118 liberavit,
630 3027 754 3101 celavit
779 3033 815 3098 et
841 3027 945 3118 pavit.
985 3027 1041 3098 Ex
1062 3047 1128 3118 qua

110 3159 299 3251 Zachaeus,
330 3162 388 3253 qui
414 3166 548 3234 statura
574 3161 723 3254 pusillus,
752 3161 893 3234 audiens
919 3160 1037 3234 iesum
1065 3181 1129 3250 per

110 3300 225 3385 partes
267 3295 341 3368 illas
382 3296 670 3386 deambulantem,
720 3315 930 3386 sycomorum
971 3293 1128 3366 arborem

114 3428 278 3519 ascendit,
314 3434 353 3500 ut
386 3429 479 3502 illum
506 3430 641 3533 videret
675 3434 709 3502 et
737 3450 812 3501 enm
841 3450 882 3500 eo
916 3428 1126 3518 loqueretur,

113 3582 149 3633 se
179 3562 336 3655 judicans
371 3568 405 3634 et
441 3569 561 3652 petens
588 3563 730 3637 veniam.
787 3562 844 3633 Ex
871 3583 937 3652 qua
970 3566 1005 3632 et
1030 3559 1127 3651 pueri

114 3695 178 3788 illi,
218 3698 277 3788 qui
311 3697 448 3770 beatum
481 3696 676 3771 Helisaeum
703 3694 974 3784 Hierosolymam
1011 3713 1127 3768 ascen-
