2782 4290
1136 405 1199 471 117

186 585 231 656 ab
258 583 417 674 Jericbo,
457 587 578 672 quarto
605 602 627 652 a
652 580 869 672 Bethlehem,
900 583 1030 655 decimo
1057 592 1152 658 sexto
1180 609 1202 658 a

184 715 372 808 Bersabee,
401 716 565 804 vigesimo
593 720 714 806 quarto
734 717 778 787 ab
795 716 962 789 Ascalone
990 720 1199 811 totidemque

185 851 345 943 aJoppe,
375 849 504 922 decimo
530 854 625 921 sexto
640 871 660 920 a
676 848 845 920 Ramatba
871 849 1079 941 Jerusalem,
1108 875 1200 926 sanc·
1253 865 1270 891 ‘

186 983 319 1057 tissima
344 980 497 1056 Judaeae
523 983 732 1074 metropolis
762 1005 848 1074 quae
876 989 911 1057 et
938 983 1028 1076 Sion,
1065 986 1108 1058 de
1136 1010 1201 1079 qua

185 1118 312 1190 dictum
352 1121 418 1191 est:
461 1113 622 1189 Glorioso
658 1117 752 1189 dictu
792 1122 872 1190 soret
908 1118 951 1190 cle
988 1125 1036 1209 tc,
1079 1122 1200 1195 ciuitas

184 1250 276 1324 Dei:
311 1271 399 1342 quae
429 1256 464 1322 et
490 1251 590 1324 Aelia
617 1252 660 1324 ab
688 1250 789 1323 Aelio
818 1251 1001 1344 Hadriano,
1039 1256 1096 1347 qui
1124 1278 1199 1330 eam

186 1384 375 1459 construxit
401 1407 463 1458 seu
489 1385 601 1476 potius
633 1386 879 1459 transmutavit.

266 1518 472 1609 Jerusalem,
508 1519 655 1608 gloriosa
681 1518 834 1592 Judaeae
861 1522 1074 1614 metropolis,
1100 1525 1199 1617 juxta

191 1654 410 1748 philosophos
435 1653 471 1725 in
497 1653 608 1726 medio
635 1653 748 1724 mundi
776 1653 842 1725 sita
869 1659 929 1726 est.
972 1655 1140 1745 Regnavit
1165 1660 1199 1729 in

188 1811 230 1862 ea
256 1787 371 1861 David
398 1787 539 1877 triginta
572 1790 718 1878 quatuor
750 1788 845 1860 annis
872 1794 907 1861 et
933 1788 1080 1862 dimidio.
1135 1791 1200 1864 Est

187 1921 323 2014 quidem
349 1922 385 1994 in
413 1918 603 1994 Jerusalem
644 1943 739 1993 mons
779 1921 908 2013 Moria,
951 1944 1053 2013 super
1099 1947 1199 2015 quem

187 2055 307 2130 videns
335 2057 493 2146 angelum
519 2055 767 2150 percutientem
795 2057 977 2145 evaginato
990 2057 1113 2148 gladio,
1143 2060 1199 2149 qui

185 2191 361 2284 populum
381 2188 447 2276 Dei
479 2190 632 2280 graviter
665 2188 838 2280 caedebat,
867 2191 998 2280 timens,
1028 2212 1070 2262 ne
1098 2192 1132 2262 in
1161 2215 1197 2264 se

187 2330 223 2399 et
255 2325 292 2396 in
325 2324 443 2398 urbem
476 2323 713 2413 ulcisceretur,
744 2323 835 2414 quod
868 2325 902 2395 in
929 2325 1055 2415 populo
1083 2346 1200 2396 nume-

185 2464 264 2532 rato
304 2457 507 2549 deliquerat,
545 2478 671 2547 pronus
707 2458 896 2531 interram
934 2459 1075 2548 corruit,
1120 2480 1201 2530 vere

186 2593 368 2686 poenitens
395 2591 613 2682 graviterque
640 2613 677 2665 se
704 2591 866 2684 affligens,
895 2593 1072 2666 aDomino
1100 2614 1203 2665 exau·

188 2726 295 2818 ditus,
333 2726 466 2800 veniam
502 2725 635 2798 meruit.
701 2725 755 2798 De
795 2726 906 2798 David
944 2727 994 2798 ait
1021 2727 1199 2800 Dominus:

186 2860 316 2932 Inveni
354 2861 467 2932 ciram
507 2858 694 2932 secandum
736 2882 793 2932 cor
834 2881 954 2933 meana.
1010 2863 1049 2932 ln
1090 2867 1202 2934 monte

188 2993 345 3085 Maria,
391 2997 559 3084 regnante
595 2994 725 3084 David,
767 2992 910 3066 florebat
946 3015 1026 3067 area
1062 2995 1199 3068 Areum

183 3128 356 3222 jebusaei,
391 3148 507 3219 aquo
541 3127 677 3217 etipse
704 3127 817 3200 David
845 3148 920 3200 eam
948 3148 1062 3200 emere
1091 3128 1202 3200 voluit

186 3263 231 3338 ad
258 3261 517 3336 amouendam
541 3260 667 3335 ibidem
699 3261 834 3335 domum
861 3262 1010 3352 Domini,
1040 3260 1131 3352 quod
1159 3262 1202 3332 ab

189 3419 230 3470 eo
255 3396 519 3471 miscricordiam
545 3398 619 3469 loco
647 3396 705 3467 illo
723 3400 923 3469 consecutus
936 3394 1057 3484 fuerat,
1088 3415 1201 3484 eoque

188 3531 331 3623 angelus
358 3529 497 3603 Domini
525 3530 556 3601 ei
583 3551 723 3622 parcens
750 3529 875 3603 ibidem
901 3527 1039 3600 restitit.
1109 3527 1205 3598 Emit
1351 3550 1356 3555 ·

189 3666 339 3759 quidem,
368 3663 430 3738 sed
456 3664 599 3738 sedtum
626 3663 748 3746 fuitei
775 3686 795 3738 a
820 3661 976 3754 Domino,
1004 3683 1048 3734 ne
1075 3660 1154 3734 inde
1168 3682 1204 3735 so
