2782 4290
197 389 240 457 42

199 570 318 645 baldus
344 569 510 660 pergebat
533 568 603 639 iilic
632 564 973 658 aOenstantincpoli‚
1002 571 1041 639 ut
1066 563 1208 656 videret,

199 704 366 796 quemodo
395 707 486 774 esset
510 700 605 773 facta
632 701 689 772 illa
718 702 867 792 ecclesia,
898 707 934 775 et
959 701 1084 774 iterum
1099 720 1210 775 remc-

200 840 272 911 avit
286 838 329 910 ad
356 835 780 926 Constantinopolim.

198 1181 295 1251 XXX.
325 1181 509 1263 Syracusae,
533 1179 662 1258 catena,
685 1176 850 1260 Rhegium,
863 1175 1009 1244 infernus
1026 1175 1209 1245 Theoderici
1233 1235 1237 1240 .

538 1287 573 1352 iu
595 1285 702 1351 insule
725 1284 871 1351 Vulcani.

275 1504 337 1596 Et,
366 1509 445 1597 pust
473 1505 557 1576 duos
586 1525 706 1596 annes,
749 1505 996 1593 navigaverunt
1024 1503 1103 1574 inde
1132 1526 1205 1576 urm

189 1640 323 1713 'nunciis
357 1658 482 1730 papae.
501 1644 538 1710 et
562 1640 715 1710 'caeseris
747 1639 781 1708 in
809 1637 950 1709 insulam
978 1636 1135 1728 Siciliam,
1166 1640 1208 1711 ad

195 1775 313 1846 urbem
350 1771 610 1845 Saracusam.
670 1772 721 1842 Et
758 1772 834 1843 inde
876 1771 971 1843 venit
1004 1772 1047 1842 ad
1087 1772 1207 1844 urbem

197 1908 413 1998 Catanam,
443 1904 584 1979 atinde
613 1908 706 1978 venit
733 1907 776 1977 ad
803 1905 989 1996 Regiam,
1032 1905 1207 1976 civitatem

195 2041 229 2111 in
268 2037 432 2112 Calabria.
501 2041 551 2111 Et
581 2038 659 2112 inde
700 2040 944 2129 navigaverunt
984 2039 1028 2110 ad
1064 2015 1206 2111 insulam

196 2174 453 2247 Vulcaniam.
510 2174 560 2246 lbi
590 2179 642 2246 est
674 2173 825 2245 infernus
852 2173 1063 2245 Theoderici.
1106 2171 1207 2244 Oum-

196 2332 261 2402 que
276 2308 354 2381 illuc
368 2308 550 2398 venissent,
567 2308 793 2381 ascendebant
806 2307 849 2378 de
863 2308 959 2396 navi,
978 2312 1016 2378 ut
1037 2308 1204 2389 viderent,

195 2443 300 2534 qualis
328 2447 419 2514 esset
443 2441 602 2513 infernus.
652 2441 839 2533 Statimque
867 2440 1079 2512 Wiliihaldus
1099 2440 1206 2513 curie-

194 2576 260 2647 sius
288 2575 403 2646 velens
432 2575 560 2665 videre,
590 2575 697 2665 qualis
725 2578 815 2647 esset
841 2576 933 2645 intus
960 2575 1017 2646 ille
1042 2573 1204 2666 infernae,

181 2702 327 2780 ‘volebat
353 2708 538 2780 ascendere
566 2708 600 2778 in
628 2708 749 2780 mentis
778 2730 947 2798 cacumen,
976 2709 1034 2780 ubi
1055 2709 1206 2782 infernus

194 2843 309 2914 subtus
337 2847 420 2930 erat,
452 2847 486 2913 et
513 2863 581 2914 nen
609 2849 751 2934 peterat,
780 2841 860 2932 quia
880 2843 1015 2915 favillae
1044 2843 1086 2914 de
1114 2849 1205 2915 tetre

193 2980 324 3046 tartare
353 2996 457 3066 usque
485 2975 527 3048 ad
554 2978 738 3066 marginem
759 2977 979 3049 ascendentes
996 2977 1204 3066 glomeratae

194 3103 273 3179 iilic
286 3110 458 3200 jacebant,
488 3116 531 3202 et,
561 3112 605 3182 ad
631 3112 738 3183 instar
756 3111 854 3198 nivis,
884 3110 1018 3201 quande
1033 3111 1076 3182 de
1106 3112 1199 3184 coele

195 3242 313 3314 nivans
355 3244 512 3316 candidas
548 3246 745 3335 nivalesque
780 3243 942 3315 cadentes
972 3249 1125 3317 catervas
1161 3246 1202 3317 de

176 3392 179 3403 ’
197 3378 303 3449 aereis
319 3378 494 3450 aetherum
508 3379 638 3450 arcibus
651 3399 851 3460 coacervare
871 3378 968 3467 sciet,
1000 3379 1048 3448 ita
1067 3376 1203 3450 favillae

193 3519 411 3584 coacervatae
429 3499 472 3582 inv
493 3513 588 3603 apice
617 3513 738 3584 mentis
762 3513 936 3604 jacebant,
968 3518 1003 3582 et
1030 3531 1203 3584 ascensum

190 3644 373 3716 Willibaldi
413 3644 643 3733 prohibebant.
694 3645 761 3717 Sed
794 3649 907 3716 tamen
942 3640 1066 3717 tetram
1095 3651 1196 3736 atque
