2782 4290
189 427 252 493 166

267 609 360 681 Ante
387 613 522 698 portam
548 606 738 678 Jerusalem
760 606 859 697 juxta
886 604 1014 695 lacum,
1045 607 1102 696 qui
1129 627 1198 678 res*

188 745 272 836 picit
305 741 493 830 meridiem,
532 760 636 811 cauea
669 739 728 810 illa
757 738 908 829 videtur,
947 739 982 809 in
1010 760 1112 830 quam
1143 739 1198 812 leo

190 878 339 970 quidam,
378 875 474 966 jussu
508 873 572 945 Dei
613 873 866 962 omnipotentie,
906 878 1093 963 martyrum
1128 872 1199 946 fere

188 1011 367 1086 duodecim
391 1009 496 1080 millia
526 1008 586 1078 sub
608 1004 736 1078 Oosroe
759 1011 913 1098 peremta
938 1007 1062 1079 detulit
1087 1012 1196 1079 nocte.

190 1146 289 1219 Unde
317 1150 352 1216 et
380 1141 616 1215 carnarium
644 1140 785 1212 leonis
813 1140 947 1213 dicitur.

269 1276 421 1351 Secundo
449 1274 602 1345 milliario
631 1274 673 1345 ab
693 1273 882 1347 Jerusalem
902 1275 967 1365 via,
997 1295 1084 1366 quae
1111 1275 1201 1347 ducit

191 1412 334 1500 Siehem,
362 1430 458 1480 mons
485 1406 625 1480 Gabaa
651 1407 685 1477 in
713 1407 804 1480 tribu
831 1407 1019 1501 Benjamin.

271 1542 430 1614 Milliario
458 1563 479 1613 a
504 1541 705 1632 Jerusalem,
732 1542 767 1612 in
794 1543 949 1615 accubitu
976 1543 1102 1615 montis
1130 1542 1201 1615 Oli-

191 1679 270 1770 veti,
299 1697 412 1749 mons
440 1674 700 1748 Offensionis
724 1682 760 1749 et
780 1676 971 1765 continuum
1000 1675 1122 1749 dividit
1142 1699 1201 1750 au-

189 1820 259 1886 tem
279 1834 336 1884 eos
354 1813 419 1902 via,
445 1831 531 1902 quae
553 1811 594 1883 de
615 1810 781 1899 Josaphat
801 1832 865 1901 per
884 1810 1086 1901 Bethphoge
1105 1812 1201 1883 ducit

190 1947 403 2020 Bethaniam.
468 1944 586 2016 Dictus
624 1966 721 2017 mons
763 1943 979 2036 Offensionis,
1028 1965 1069 2018 oo
1111 1946 1201 2038 quod

191 2080 346 2153 Salomon
386 2079 420 2149 in
461 2099 502 2150 eo
544 2077 672 2150 idolum
711 2080 823 2168 posuit
862 2079 1013 2170 moloch,
1055 2079 1201 2154 adorans
1264 2066 1268 2069 ⁵

188 2237 276 2288 enm.

270 2349 382 2441 Prope
406 2348 506 2440 juxta
525 2345 725 2437 Jerusalem,
755 2348 816 2420 sub
838 2345 1025 2420 Salomonis
1052 2348 1201 2438 regiain

191 2483 359 2572 accubitu,
388 2483 423 2551 in
451 2481 539 2551 valle
564 2480 728 2572 Josaphat
754 2483 970 2554 natatoria
996 2480 1129 2573 Siloe,
1159 2482 1201 2553 ad

192 2638 289 2708 quam
318 2635 456 2687 coecum
483 2616 524 2688 ab
546 2636 586 2686 ea
605 2615 826 2689 illuminatum
847 2617 938 2689 misit
956 2615 1065 2712 desua,
1094 2621 1133 2689 ut
1159 2616 1201 2688 ab

191 2770 233 2822 ea
259 2750 391 2821 lavaret
419 2749 533 2821 oculos
561 2771 649 2822 suos.
691 2750 756 2841 Qui
783 2751 900 2823 abiens
926 2749 1010 2823 lavit
1038 2752 1075 2822 et
1103 2749 1199 2822 vidit.

190 2883 284 2972 Ergo
313 2879 402 2954 Siloe
429 2883 672 2975 interpretatur
698 2886 826 2959 missus.
881 2883 957 2957 Non
986 2882 1200 2956 adeundam

191 3039 311 3108 aquam
337 3015 504 3109 Naaman,
541 3019 699 3111 princeps
727 3019 859 3112 Syriae,
894 3020 1011 3090 missus
1040 3023 1108 3110 est,
1142 3017 1201 3090 sed

191 3152 234 3224 ad
259 3151 446 3225 Jordanom
473 3152 515 3225 ab
543 3151 702 3225 Helisaeo
734 3153 920 3247 propheta,
950 3156 990 3223 ut
1017 3153 1051 3224 in
1079 3174 1121 3226 eo
1148 3159 1201 3226 ter

190 3289 280 3360 lotus
310 3289 490 3358 curaretur
517 3307 538 3359 a
563 3287 676 3379 lepras
706 3308 806 3380 quarn
838 3289 910 3380 ipse
943 3286 1076 3360 intuens
1108 3287 1200 3380 quasi

189 3441 263 3495 cum
296 3420 527 3510 indignatione
564 3421 698 3493 intulit:
732 3420 916 3514 Numquid
949 3419 1140 3513 Pharphar
1171 3425 1201 3494 ct

189 3552 316 3629 Adanu
343 3577 411 3628 aon
437 3555 579 3629 meliora
605 3561 684 3629 sont
714 3554 873 3649 flumina,
898 3555 1037 3648 scilicet,
1063 3561 1199 3629 nostrae

188 3690 401 3780 provinciae?
448 3689 599 3764 Tandem
625 3696 738 3763 tamen
764 3691 900 3764 monitis
926 3691 1016 3764 servi
1045 3692 1097 3764 sui
1122 3711 1199 3765 con·
