2782 4290
1002 367 1005 373 ’
1125 401 1195 471 ,255

184 582 292 665 tates,
319 580 358 646 ut
384 597 489 668 supra
515 577 683 666 insignita.
740 577 810 648 Has
839 598 955 648 omues
983 580 1135 653 civitates
1163 586 1198 654 et

185 710 326 783 castella
352 711 513 814 circuibat
539 711 703 781 Dominus
724 708 827 783 Jesus
855 710 980 782 doeens
1008 713 1042 783 iu
1068 714 1197 805 templo

186 865 308 918 eorum
321 848 357 917 et
366 842 564 936 praedicans
578 844 792 932 evangelium
806 845 915 935 regni,
942 842 1067 919 Matth.
1081 849 1116 935 4,
1133 849 1195 920 23.

268 977 514 1067 Longitudo
550 983 664 1051 terrae
700 977 884 1068 promissae
918 1000 940 1050 a
975 979 1069 1070 Dan,
1111 1001 1199 1070 quae

187 1118 240 1187 est
267 1112 329 1184 sub
356 1116 469 1184 moute
486 1096 619 1201 Libani,
648 1111 690 1182 ab
719 1111 877 1203 aquilone
905 1117 1026 1184 eontra
1047 1119 1200 1185 austrum

186 1267 296 1338 usque
321 1246 484 1336 Bersabe,
513 1265 600 1335 quae
628 1250 681 1317 est
706 1265 814 1335 prope
843 1244 1016 1318 desertum
1039 1247 1200 1338 Aegypti,

187 1381 294 1453 habet
321 1378 543 1471 quadraginta
571 1377 638 1449 duo
667 1377 825 1449 milliaria
851 1379 1036 1451 alemanioa
1063 1381 1120 1453 vel
1140 1381 1202 1453 du·

187 1517 287 1586 senta
320 1511 437 1587 decem
469 1512 599 1602 italiea;
641 1512 786 1584 latitudo
822 1534 906 1585 vero
947 1515 1021 1606 ejus
1055 1536 1076 1586 a
1109 1537 1202 1588 mare

190 1646 392 1720 occidentali
426 1667 532 1739 usque
573 1647 617 1718 ad
656 1647 819 1718 fimbriam
857 1649 1019 1720 montium
1052 1650 1202 1722 Arabiae

188 1780 293 1853 habet
313 1781 569 1871 quatuordeeim
595 1781 751 1852 milliaria
773 1801 896 1869 magna
914 1783 969 1854 vel
989 1784 1201 1874 septuaginta

187 1914 316 1986 italica
356 1912 446 1986 Tota
471 1917 586 2006 itaque
607 1915 714 1987 Terra
728 1913 851 1987 Serota
877 1916 912 1986 in
940 1917 1115 2005 octoginta
1133 1917 1201 1988 tria

190 2046 318 2141 quadra
344 2048 558 2140 protrahitur
585 2053 621 2120 et
647 2050 681 2119 in
703 2049 824 2137 viginti
844 2054 920 2122 octo
947 2050 1058 2139 spatia
1081 2068 1202 2147 seeun-

190 2187 272 2260 dum
297 2182 533 2274 latitudinem,
562 2183 682 2254 traotis
708 2182 806 2254 lineis
832 2203 935 2274 super
960 2183 1066 2256 lineas
1094 2187 1203 2255 trans·

189 2319 370 2396 versaliter
395 2318 438 2389 ab
467 2315 645 2388 occidente
672 2316 716 2387 ad
734 2315 857 2394 oriens.
905 2315 1039 2388 Exinde
1064 2320 1099 2387 2.
1125 2337 1203 2406 spa-

189 2455 237 2526 tio
273 2456 310 2525 et
341 2450 377 2521 in
415 2451 474 2521 12.
504 2448 633 2540 quadro
661 2449 793 2520 loeatur
825 2447 961 2522 Bosra
995 2450 1030 2521 in
1063 2451 1203 2540 regione

189 2587 384 2675 Bostoron,
419 2583 463 2656 de
496 2603 563 2676 qm
596 2582 751 2656 scribitur
783 2583 889 2656 maiae
919 2587 981 2655 62.
1042 2584 1109 2656 Via
1142 2605 1206 2676 per

190 2720 364 2794 civitatem
391 2714 520 2789 Gedrar
548 2713 703 2810 (Oedar),
737 2718 799 2789 sub
835 2717 964 2809 quadro
994 2721 1074 2808 23,
1113 2718 1207 2791 ducit

191 2855 237 2929 ad
263 2853 359 2925 Areu
388 2851 533 2945 (Aram),
562 2850 864 2943 Mesopotamiam,
893 2851 1088 2944 flammam,
1117 2853 1208 2943 Hyr·

194 2987 326 3061 caniam
364 2989 400 3058 et
434 2984 478 3056 nd
509 3004 603 3057 mure
640 2984 815 3077 Kaspium.
878 2985 954 3059 Hae
991 2991 1110 3075 gentes
1145 3007 1208 3076 per

194 3121 337 3194 eandem
364 3119 454 3193 viam
483 3120 652 3193 annuatim
686 3126 931 3194 consueverunt
957 3122 1136 3195 convenire
1164 3121 1208 3192 ad

193 3252 369 3347 planitiem
408 3253 546 3325 fontis
586 3252 757 3344 Phiale,
801 3259 837 3327 et
877 3255 1003 3328 habent
1042 3254 1207 3325 nundinas

195 3389 321 3463 ibidem
354 3408 419 3478 per
452 3390 565 3457 totum
597 3407 746 3459 mensem
785 3388 883 3480 maji,
926 3393 960 3458 et
994 3388 1129 3476 erigunt
1161 3386 1208 3458 ibi

196 3521 343 3595 tentoria
372 3521 584 3595 diversomm
618 3523 769 3594 colorum
802 3522 1002 3594 incivitate
1030 3518 1142 3590 Gedar
1173 3520 1207 3589 in

198 3659 322 3745 moute,
350 3653 531 3746 pulchrum
555 3656 754 3745 generantia
780 3657 1010 3748 prospectum:
1043 3673 1132 3746 quae
1158 3657 1209 3725 ta·
