<?xml version="1.0" encoding="UTF-8"?>
<!DOCTYPE html PUBLIC "-//W3C//DTD XHTML 1.0 Transitional//EN"
    "http://www.w3.org/TR/xhtml1/DTD/xhtml1-transitional.dtd">
<html xmlns="http://www.w3.org/1999/xhtml" xml:lang="en" lang="en">
 <head>
  <title>
</title>
<meta http-equiv="Content-Type" content="text/html;charset=utf-8" />
  <meta name='ocr-system' content='tesseract 3.04.00' />
  <meta name='ocr-capabilities' content='ocr_page ocr_carea ocr_par ocr_line ocrx_word'/>
</head>
<body>
  <div class='ocr_page' id='page_1' title='image "./descriptioneste01toblgoog_0108.png"; bbox 0 0 2782 4290; ppageno 0'>
   <div class='ocr_carea' id='block_1_1' title="bbox 1139 400 1200 467">
    <p class='ocr_par' dir='ltr' id='par_1_1' title="bbox 1139 400 1200 467">
     <span class='ocr_line' id='line_1_1' title="bbox 1139 400 1200 467; baseline 0 0"><span class='ocrx_word' id='word_1_1' title='bbox 1139 400 1200 467; x_wconf 85' lang='lat'><strong>101</strong></span> 
     </span>
    </p>
   </div>
   <div class='ocr_carea' id='block_1_2' title="bbox 149 561 1270 3744">
    <p class='ocr_par' dir='ltr' id='par_1_2' title="bbox 149 561 1204 1720">
     <span class='ocr_line' id='line_1_2' title="bbox 190 561 1201 674; baseline 0.003 -24"><span class='ocrx_word' id='word_1_2' title='bbox 190 578 392 669; x_wconf 77' lang='lat' dir='ltr'><strong>flagellatus,</strong></span> <span class='ocrx_word' id='word_1_3' title='bbox 422 566 459 650; x_wconf 86' lang='lat' dir='ltr'><strong>et</strong></span> <span class='ocrx_word' id='word_1_4' title='bbox 485 597 602 670; x_wconf 85' lang='lat' dir='ltr'>prope,</span> <span class='ocrx_word' id='word_1_5' title='bbox 632 583 749 651; x_wconf 83' lang='lat' dir='ltr'><strong>contra</strong></span> <span class='ocrx_word' id='word_1_6' title='bbox 776 561 966 668; x_wconf 85' lang='lat' dir='ltr'><strong>origentem</strong></span> <span class='ocrx_word' id='word_1_7' title='bbox 994 579 1201 674; x_wconf 82' lang='lat' dir='ltr'><strong>(orientem),</strong></span> 
     </span>
     <span class='ocr_line' id='line_1_3' title="bbox 192 711 1201 803; baseline 0.004 -21"><span class='ocrx_word' id='word_1_8' title='bbox 192 733 259 801; x_wconf 92' lang='lat' dir='ltr'><strong>per</strong></span> <span class='ocrx_word' id='word_1_9' title='bbox 301 711 480 783; x_wconf 83' lang='lat' dir='ltr'><strong>descensus</strong></span> <span class='ocrx_word' id='word_1_10' title='bbox 513 711 645 784; x_wconf 87' lang='lat' dir='ltr'>XLlllI</span> <span class='ocrx_word' id='word_1_11' title='bbox 684 713 849 802; x_wconf 82' lang='lat' dir='ltr'><strong>graduum</strong></span> <span class='ocrx_word' id='word_1_12' title='bbox 895 718 946 781; x_wconf 89' lang='lat' dir='ltr'><strong>est</strong></span> <span class='ocrx_word' id='word_1_13' title='bbox 991 713 1099 803; x_wconf 84' lang='lat' dir='ltr'><strong>locus,</strong></span> <span class='ocrx_word' id='word_1_14' title='bbox 1145 715 1201 785; x_wconf 91' lang='lat' dir='ltr'><strong>ubi</strong></span> 
     </span>
     <span class='ocr_line' id='line_1_4' title="bbox 190 845 1204 919; baseline 0.002 -3"><span class='ocrx_word' id='word_1_15' title='bbox 190 849 307 916; x_wconf 81' lang='lat' dir='ltr'><strong>sancta</strong></span> <span class='ocrx_word' id='word_1_16' title='bbox 335 866 416 916; x_wconf 85' lang='lat' dir='ltr'><strong>crux</strong></span> <span class='ocrx_word' id='word_1_17' title='bbox 442 866 463 915; x_wconf 86' lang='lat' dir='ltr'>a</span> <span class='ocrx_word' id='word_1_18' title='bbox 489 851 604 918; x_wconf 82' lang='lat' dir='ltr'><strong>sanctu</strong></span> <span class='ocrx_word' id='word_1_19' title='bbox 631 845 764 918; x_wconf 85' lang='lat' dir='ltr'><strong>Heleno</strong></span> <span class='ocrx_word' id='word_1_20' title='bbox 798 845 861 916; x_wconf 86' lang='lat' dir='ltr'><strong>fuit</strong></span> <span class='ocrx_word' id='word_1_21' title='bbox 888 846 1037 919; x_wconf 82' lang='lat' dir='ltr'><strong>invente.</strong></span> <span class='ocrx_word' id='word_1_22' title='bbox 1083 847 1122 917; x_wconf 92' lang='lat' dir='ltr'><strong>In</strong></span> <span class='ocrx_word' id='word_1_23' title='bbox 1151 869 1204 918; x_wconf 89' lang='lat' dir='ltr'><strong>ec-</strong></span> 
     </span>
     <span class='ocr_line' id='line_1_5' title="bbox 189 955 1203 1071; baseline 0.002 -22"><span class='ocrx_word' id='word_1_24' title='bbox 189 978 296 1050; x_wconf 85' lang='lat' dir='ltr'><strong>clesie</strong></span> <span class='ocrx_word' id='word_1_25' title='bbox 337 984 388 1050; x_wconf 89' lang='lat' dir='ltr'><strong>est</strong></span> <span class='ocrx_word' id='word_1_26' title='bbox 425 979 695 1068; x_wconf 81' lang='lat' dir='ltr'><strong>sepulchrum</strong></span> <span class='ocrx_word' id='word_1_27' title='bbox 729 955 909 1069; x_wconf 80' lang='lat' dir='ltr'><strong>Domini,</strong></span> <span class='ocrx_word' id='word_1_28' title='bbox 950 986 985 1050; x_wconf 89' lang='lat' dir='ltr'><strong>et</strong></span> <span class='ocrx_word' id='word_1_29' title='bbox 1017 979 1064 1050; x_wconf 90' lang='lat' dir='ltr'><strong>ibi</strong></span> <span class='ocrx_word' id='word_1_30' title='bbox 1093 980 1203 1071; x_wconf 84' lang='lat' dir='ltr'><strong>juxto,</strong></span> 
     </span>
     <span class='ocr_line' id='line_1_6' title="bbox 182 1112 1203 1203; baseline 0.002 -19"><span class='ocrx_word' id='word_1_31' title='bbox 182 1116 314 1184; x_wconf 86' lang='lat' dir='ltr'><strong>contre</strong></span> <span class='ocrx_word' id='word_1_32' title='bbox 355 1112 534 1202; x_wconf 84' lang='lat' dir='ltr'><strong>orientem,</strong></span> <span class='ocrx_word' id='word_1_33' title='bbox 575 1112 610 1182; x_wconf 91' lang='lat' dir='ltr'><strong>in</strong></span> <span class='ocrx_word' id='word_1_34' title='bbox 646 1114 758 1185; x_wconf 92' lang='lat' dir='ltr'><strong>medio</strong></span> <span class='ocrx_word' id='word_1_35' title='bbox 799 1113 910 1203; x_wconf 86' lang='lat' dir='ltr'><strong>chori,</strong></span> <span class='ocrx_word' id='word_1_36' title='bbox 955 1118 1006 1185; x_wconf 87' lang='lat' dir='ltr'><strong>est</strong></span> <span class='ocrx_word' id='word_1_37' title='bbox 1047 1113 1203 1186; x_wconf 93' lang='lat' dir='ltr'><strong>medius</strong></span> 
     </span>
     <span class='ocr_line' id='line_1_7' title="bbox 187 1243 1203 1337; baseline 0.002 -20"><span class='ocrx_word' id='word_1_38' title='bbox 187 1243 347 1334; x_wconf 87' lang='lat' dir='ltr'><strong>mundi,</strong></span> <span class='ocrx_word' id='word_1_39' title='bbox 376 1246 434 1317; x_wconf 94' lang='lat' dir='ltr'><strong>ubi</strong></span> <span class='ocrx_word' id='word_1_40' title='bbox 461 1246 625 1319; x_wconf 88' lang='lat' dir='ltr'><strong>Dominus</strong></span> <span class='ocrx_word' id='word_1_41' title='bbox 651 1247 713 1319; x_wconf 89' lang='lat' dir='ltr'><strong>fuit</strong></span> <span class='ocrx_word' id='word_1_42' title='bbox 740 1247 881 1337; x_wconf 89' lang='lat' dir='ltr'><strong>positus,</strong></span> <span class='ocrx_word' id='word_1_43' title='bbox 917 1245 1051 1337; x_wconf 83' lang='lat' dir='ltr'><strong>quando</strong></span> <span class='ocrx_word' id='word_1_44' title='bbox 1078 1245 1203 1319; x_wconf 90' lang='lat' dir='ltr'><strong>Nicho-</strong></span> 
     </span>
     <span class='ocr_line' id='line_1_8' title="bbox 149 1368 1200 1470; baseline 0.003 -20"><span class='ocrx_word' id='word_1_45' title='bbox 149 1368 151 1372; x_wconf 11' lang='grc' dir='ltr'><em>Α</em></span> <span class='ocrx_word' id='word_1_46' title='bbox 190 1379 310 1450; x_wconf 90' lang='lat' dir='ltr'><strong>demus</strong></span> <span class='ocrx_word' id='word_1_47' title='bbox 337 1378 490 1470; x_wconf 86' lang='lat' dir='ltr'><strong>deposuit</strong></span> <span class='ocrx_word' id='word_1_48' title='bbox 518 1401 593 1452; x_wconf 93' lang='lat' dir='ltr'><strong>eum</strong></span> <span class='ocrx_word' id='word_1_49' title='bbox 621 1380 663 1452; x_wconf 91' lang='lat' dir='ltr'><strong>de</strong></span> <span class='ocrx_word' id='word_1_50' title='bbox 694 1402 806 1452; x_wconf 86' lang='lat' dir='ltr'><strong>cruce.</strong></span> <span class='ocrx_word' id='word_1_51' title='bbox 863 1379 894 1450; x_wconf 88' lang='grc' dir='ltr'>Α</span> <span class='ocrx_word' id='word_1_52' title='bbox 923 1380 1056 1453; x_wconf 88' lang='lat' dir='ltr'><strong>sinistro</strong></span> <span class='ocrx_word' id='word_1_53' title='bbox 1090 1381 1200 1454; x_wconf 85' lang='lat' dir='ltr'><strong>latere</strong></span> 
     </span>
     <span class='ocr_line' id='line_1_9' title="bbox 188 1512 1202 1605; baseline 0.001 -20"><span class='ocrx_word' id='word_1_54' title='bbox 188 1518 243 1585; x_wconf 86' lang='lat' dir='ltr'><strong>est</strong></span> <span class='ocrx_word' id='word_1_55' title='bbox 273 1534 392 1584; x_wconf 85' lang='lat' dir='ltr'><strong>carcer</strong></span> <span class='ocrx_word' id='word_1_56' title='bbox 418 1512 570 1603; x_wconf 86' lang='lat' dir='ltr'><strong>Domini,</strong></span> <span class='ocrx_word' id='word_1_57' title='bbox 612 1519 646 1585; x_wconf 89' lang='lat' dir='ltr'><strong>et</strong></span> <span class='ocrx_word' id='word_1_58' title='bbox 686 1514 731 1585; x_wconf 92' lang='lat' dir='ltr'><strong>ibi</strong></span> <span class='ocrx_word' id='word_1_59' title='bbox 764 1533 873 1605; x_wconf 85' lang='lat' dir='ltr'><strong>prope</strong></span> <span class='ocrx_word' id='word_1_60' title='bbox 907 1519 961 1586; x_wconf 88' lang='lat' dir='ltr'><strong>est</strong></span> <span class='ocrx_word' id='word_1_61' title='bbox 995 1515 1106 1604; x_wconf 84' lang='lat' dir='ltr'><strong>locus,</strong></span> <span class='ocrx_word' id='word_1_62' title='bbox 1145 1515 1202 1586; x_wconf 92' lang='lat' dir='ltr'><strong>ubi</strong></span> 
     </span>
     <span class='ocr_line' id='line_1_10' title="bbox 186 1636 611 1720; baseline -0.009 0"><span class='ocrx_word' id='word_1_63' title='bbox 186 1636 304 1720; x_wconf 79' lang='lat' dir='ltr'><strong>sancta</strong></span> <span class='ocrx_word' id='word_1_64' title='bbox 331 1667 414 1718; x_wconf 82' lang='lat' dir='ltr'><strong>crux</strong></span> <span class='ocrx_word' id='word_1_65' title='bbox 440 1647 611 1719; x_wconf 84' lang='lat' dir='ltr'><strong>odoratur.</strong></span> 
     </span>
    </p>

    <p class='ocr_par' dir='ltr' id='par_1_3' title="bbox 186 1778 1202 2539">
     <span class='ocr_line' id='line_1_11' title="bbox 268 1778 1202 1871; baseline 0.002 -21"><span class='ocrx_word' id='word_1_66' title='bbox 268 1778 377 1852; x_wconf 83' lang='lat' dir='ltr'><strong>Juxtn</strong></span> <span class='ocrx_word' id='word_1_67' title='bbox 405 1781 580 1854; x_wconf 87' lang='lat' dir='ltr'><strong>ecclesiam</strong></span> <span class='ocrx_word' id='word_1_68' title='bbox 607 1779 774 1871; x_wconf 86' lang='lat' dir='ltr'><strong>sepulchri</strong></span> <span class='ocrx_word' id='word_1_69' title='bbox 796 1788 846 1854; x_wconf 89' lang='lat' dir='ltr'><strong>est</strong></span> <span class='ocrx_word' id='word_1_70' title='bbox 873 1781 1061 1854; x_wconf 86' lang='lat' dir='ltr'><strong>ecclesia</strong></span> <span class='ocrx_word' id='word_1_71' title='bbox 1088 1803 1202 1854; x_wconf 84' lang='lat' dir='ltr'><strong>sanc-</strong></span> 
     </span>
     <span class='ocr_line' id='line_1_12' title="bbox 187 1888 1202 2006; baseline 0.001 -20"><span class='ocrx_word' id='word_1_72' title='bbox 187 1919 258 1986; x_wconf 83' lang='lat' dir='ltr'><strong>tae</strong></span> <span class='ocrx_word' id='word_1_73' title='bbox 288 1888 472 2006; x_wconf 84' lang='lat' dir='ltr'><strong>Mariae,</strong></span> <span class='ocrx_word' id='word_1_74' title='bbox 509 1936 595 2006; x_wconf 85' lang='lat' dir='ltr'><strong>quae</strong></span> <span class='ocrx_word' id='word_1_75' title='bbox 623 1913 752 2004; x_wconf 87' lang='lat' dir='ltr'><strong>dicitur,</strong></span> <span class='ocrx_word' id='word_1_76' title='bbox 781 1916 959 2002; x_wconf 85' lang='lat' dir='ltr'><strong>latinae,</strong></span> <span class='ocrx_word' id='word_1_77' title='bbox 995 1915 1202 1989; x_wconf 86' lang='lat' dir='ltr'><strong>ubidicitur</strong></span> 
     </span>
     <span class='ocr_line' id='line_1_13' title="bbox 186 2047 1201 2138; baseline -0.003 -17"><span class='ocrx_word' id='word_1_78' title='bbox 186 2052 304 2122; x_wconf 75' lang='lat' dir='ltr'><strong>sancta</strong></span> <span class='ocrx_word' id='word_1_79' title='bbox 331 2047 443 2120; x_wconf 86' lang='lat' dir='ltr'><strong>Maria</strong></span> <span class='ocrx_word' id='word_1_80' title='bbox 472 2047 677 2137; x_wconf 80' lang='lat' dir='ltr'><strong>Magdalena</strong></span> <span class='ocrx_word' id='word_1_81' title='bbox 705 2054 739 2121; x_wconf 88' lang='lat' dir='ltr'><strong>et</strong></span> <span class='ocrx_word' id='word_1_82' title='bbox 766 2055 885 2121; x_wconf 84' lang='lat' dir='ltr'><strong>sancte</strong></span> <span class='ocrx_word' id='word_1_83' title='bbox 914 2048 1024 2121; x_wconf 83' lang='lat' dir='ltr'><strong>Maria</strong></span> <span class='ocrx_word' id='word_1_84' title='bbox 1051 2047 1201 2138; x_wconf 82' lang='lat' dir='ltr'><strong>Cleophe</strong></span> 
     </span>
     <span class='ocr_line' id='line_1_14' title="bbox 187 2181 1202 2273; baseline -0.003 -19"><span class='ocrx_word' id='word_1_85' title='bbox 187 2182 393 2254; x_wconf 82' lang='lat' dir='ltr'><strong>dilaceresse</strong></span> <span class='ocrx_word' id='word_1_86' title='bbox 421 2181 562 2273; x_wconf 85' lang='lat' dir='ltr'><strong>capillos</strong></span> <span class='ocrx_word' id='word_1_87' title='bbox 590 2204 676 2271; x_wconf 87' lang='lat' dir='ltr'><strong>suos,</strong></span> <span class='ocrx_word' id='word_1_88' title='bbox 708 2183 841 2273; x_wconf 86' lang='lat' dir='ltr'><strong>quando</strong></span> <span class='ocrx_word' id='word_1_89' title='bbox 870 2182 1034 2254; x_wconf 90' lang='lat' dir='ltr'><strong>Dominus</strong></span> <span class='ocrx_word' id='word_1_90' title='bbox 1062 2181 1123 2253; x_wconf 89' lang='lat' dir='ltr'><strong>fuit</strong></span> <span class='ocrx_word' id='word_1_91' title='bbox 1139 2201 1202 2269; x_wconf 94' lang='lat' dir='ltr'><strong>po-</strong></span> 
     </span>
     <span class='ocr_line' id='line_1_15' title="bbox 186 2314 1202 2406; baseline -0.002 -18"><span class='ocrx_word' id='word_1_92' title='bbox 186 2317 271 2388; x_wconf 87' lang='lat' dir='ltr'><strong>situs</strong></span> <span class='ocrx_word' id='word_1_93' title='bbox 299 2315 333 2386; x_wconf 90' lang='lat' dir='ltr'><strong>in</strong></span> <span class='ocrx_word' id='word_1_94' title='bbox 361 2337 471 2405; x_wconf 87' lang='lat' dir='ltr'><strong>cruce,</strong></span> <span class='ocrx_word' id='word_1_95' title='bbox 501 2321 536 2388; x_wconf 91' lang='lat' dir='ltr'><strong>et</strong></span> <span class='ocrx_word' id='word_1_96' title='bbox 562 2316 609 2388; x_wconf 93' lang='lat' dir='ltr'><strong>ibi</strong></span> <span class='ocrx_word' id='word_1_97' title='bbox 638 2321 689 2388; x_wconf 91' lang='lat' dir='ltr'><strong>est</strong></span> <span class='ocrx_word' id='word_1_98' title='bbox 715 2316 936 2406; x_wconf 84' lang='lat' dir='ltr'><strong>hospitale</strong></span> <span class='ocrx_word' id='word_1_99' title='bbox 964 2315 1105 2387; x_wconf 89' lang='lat' dir='ltr'><strong>sancti</strong></span> <span class='ocrx_word' id='word_1_100' title='bbox 1132 2314 1202 2386; x_wconf 86' lang='lat' dir='ltr'><strong>Jo-</strong></span> 
     </span>
     <span class='ocr_line' id='line_1_16' title="bbox 186 2449 553 2539; baseline -0.003 -18"><span class='ocrx_word' id='word_1_101' title='bbox 186 2449 340 2522; x_wconf 82' lang='lat' dir='ltr'><strong>hannis</strong></span> <span class='ocrx_word' id='word_1_102' title='bbox 367 2449 553 2539; x_wconf 82' lang='lat' dir='ltr'><strong>Baptistae.</strong></span> 
     </span>
    </p>

    <p class='ocr_par' dir='ltr' id='par_1_4' title="bbox 182 2582 1270 3744">
     <span class='ocr_line' id='line_1_17' title="bbox 182 2582 1202 2674; baseline -0.002 -18"><span class='ocrx_word' id='word_1_103' title='bbox 182 2612 196 2621; x_wconf 76' lang='grc'><strong>·’</strong></span> <span class='ocrx_word' id='word_1_104' title='bbox 269 2583 325 2656; x_wconf 87' lang='lat' dir='ltr'><strong>Ab</strong></span> <span class='ocrx_word' id='word_1_105' title='bbox 358 2584 426 2656; x_wconf 87' lang='lat' dir='ltr'><strong>isto</strong></span> <span class='ocrx_word' id='word_1_106' title='bbox 461 2583 548 2673; x_wconf 87' lang='lat' dir='ltr'><strong>loco,</strong></span> <span class='ocrx_word' id='word_1_107' title='bbox 579 2587 740 2672; x_wconf 82' lang='lat' dir='ltr'><strong>quantum</strong></span> <span class='ocrx_word' id='word_1_108' title='bbox 773 2587 887 2674; x_wconf 87' lang='lat' dir='ltr'><strong>potest</strong></span> <span class='ocrx_word' id='word_1_109' title='bbox 921 2604 1022 2656; x_wconf 78' lang='lat' dir='ltr'><strong>arcus</strong></span> <span class='ocrx_word' id='word_1_110' title='bbox 1056 2582 1106 2654; x_wconf 92' lang='lat' dir='ltr'><strong>bis</strong></span> <span class='ocrx_word' id='word_1_111' title='bbox 1133 2584 1202 2655; x_wconf 85' lang='lat' dir='ltr'><strong>tm·</strong></span> 
     </span>
     <span class='ocr_line' id='line_1_18' title="bbox 188 2713 1202 2812; baseline -0.004 -21"><span class='ocrx_word' id='word_1_112' title='bbox 188 2719 273 2792; x_wconf 89' lang='lat' dir='ltr'><strong>here</strong></span> <span class='ocrx_word' id='word_1_113' title='bbox 302 2713 443 2812; x_wconf 82' lang='lat' dir='ltr'><strong>(trahi),</strong></span> <span class='ocrx_word' id='word_1_114' title='bbox 472 2719 525 2788; x_wconf 89' lang='lat' dir='ltr'><strong>est</strong></span> <span class='ocrx_word' id='word_1_115' title='bbox 552 2718 753 2805; x_wconf 90' lang='lat' dir='ltr'><strong>templum</strong></span> <span class='ocrx_word' id='word_1_116' title='bbox 779 2717 942 2790; x_wconf 92' lang='lat' dir='ltr'><strong>Domini</strong></span> <span class='ocrx_word' id='word_1_117' title='bbox 977 2715 1202 2789; x_wconf 84' lang='lat' dir='ltr'><strong>aSclomone</strong></span> 
     </span>
     <span class='ocr_line' id='line_1_19' title="bbox 187 2843 1203 2943; baseline -0.004 -19"><span class='ocrx_word' id='word_1_118' title='bbox 187 2872 271 2942; x_wconf 85' lang='lat' dir='ltr'><strong>rege</strong></span> <span class='ocrx_word' id='word_1_119' title='bbox 299 2851 508 2940; x_wconf 82' lang='lat' dir='ltr'><strong>fabricatum,</strong></span> <span class='ocrx_word' id='word_1_120' title='bbox 538 2850 572 2920; x_wconf 91' lang='lat' dir='ltr'><strong>in</strong></span> <span class='ocrx_word' id='word_1_121' title='bbox 595 2843 667 2941; x_wconf 70' lang='lat' dir='ltr'><strong>&#39;quo</strong></span> <span class='ocrx_word' id='word_1_122' title='bbox 694 2855 772 2923; x_wconf 89' lang='lat' dir='ltr'><strong>sunt</strong></span> <span class='ocrx_word' id='word_1_123' title='bbox 806 2855 953 2943; x_wconf 87' lang='lat' dir='ltr'><strong>quatuor</strong></span> <span class='ocrx_word' id='word_1_124' title='bbox 979 2851 1140 2922; x_wconf 83' lang='lat' dir='ltr'><strong>introitus</strong></span> <span class='ocrx_word' id='word_1_125' title='bbox 1168 2855 1203 2920; x_wconf 88' lang='lat' dir='ltr'><strong>et</strong></span> 
     </span>
     <span class='ocr_line' id='line_1_20' title="bbox 186 2972 1202 3074; baseline -0.003 -17"><span class='ocrx_word' id='word_1_126' title='bbox 186 2985 366 3059; x_wconf 85' lang='lat' dir='ltr'><strong>duodecim</strong></span> <span class='ocrx_word' id='word_1_127' title='bbox 395 2989 526 3073; x_wconf 82' lang='lat' dir='ltr'><strong>portae.</strong></span> <span class='ocrx_word' id='word_1_128' title='bbox 584 2984 623 3054; x_wconf 92' lang='lat' dir='ltr'><strong>In</strong></span> <span class='ocrx_word' id='word_1_129' title='bbox 650 2986 762 3057; x_wconf 91' lang='lat' dir='ltr'><strong>medio</strong></span> <span class='ocrx_word' id='word_1_130' title='bbox 791 2985 918 3074; x_wconf 89' lang='lat' dir='ltr'><strong>templo</strong></span> <span class='ocrx_word' id='word_1_131' title='bbox 946 2990 1000 3056; x_wconf 88' lang='lat' dir='ltr'><strong>est</strong></span> <span class='ocrx_word' id='word_1_132' title='bbox 1028 2972 1202 3072; x_wconf 79' lang='lat' dir='ltr'><strong>magnus</strong></span> 
     </span>
     <span class='ocr_line' id='line_1_21' title="bbox 187 3116 1202 3210; baseline -0.004 -20"><span class='ocrx_word' id='word_1_133' title='bbox 187 3119 298 3210; x_wconf 85' lang='lat' dir='ltr'><strong>lapis</strong></span> <span class='ocrx_word' id='word_1_134' title='bbox 325 3118 472 3208; x_wconf 85' lang='lat' dir='ltr'><strong>positus,</strong></span> <span class='ocrx_word' id='word_1_135' title='bbox 509 3118 567 3190; x_wconf 91' lang='lat' dir='ltr'><strong>ubi</strong></span> <span class='ocrx_word' id='word_1_136' title='bbox 594 3118 658 3190; x_wconf 89' lang='lat' dir='ltr'><strong>fuit</strong></span> <span class='ocrx_word' id='word_1_137' title='bbox 685 3119 791 3189; x_wconf 82' lang='lat' dir='ltr'><strong>archa</strong></span> <span class='ocrx_word' id='word_1_138' title='bbox 823 3116 972 3190; x_wconf 83' lang='lat' dir='ltr'><strong>foederis</strong></span> <span class='ocrx_word' id='word_1_139' title='bbox 1006 3118 1133 3207; x_wconf 87' lang='lat' dir='ltr'><strong>posita,</strong></span> <span class='ocrx_word' id='word_1_140' title='bbox 1168 3118 1202 3187; x_wconf 92' lang='lat' dir='ltr'><strong>in</strong></span> 
     </span>
     <span class='ocr_line' id='line_1_22' title="bbox 189 3250 1202 3346; baseline -0.003 -21"><span class='ocrx_word' id='word_1_141' title='bbox 189 3275 256 3346; x_wconf 84' lang='lat' dir='ltr'><strong>quc</strong></span> <span class='ocrx_word' id='word_1_142' title='bbox 282 3273 371 3324; x_wconf 89' lang='lat' dir='ltr'><strong>nunc</strong></span> <span class='ocrx_word' id='word_1_143' title='bbox 398 3257 451 3324; x_wconf 88' lang='lat' dir='ltr'><strong>est</strong></span> <span class='ocrx_word' id='word_1_144' title='bbox 478 3254 581 3323; x_wconf 85' lang='lat' dir='ltr'><strong>etiam</strong></span> <span class='ocrx_word' id='word_1_145' title='bbox 610 3252 707 3341; x_wconf 81' lang='lat' dir='ltr'><strong>virga</strong></span> <span class='ocrx_word' id='word_1_146' title='bbox 727 3250 844 3325; x_wconf 82' lang='lat' dir='ltr'><strong>Aaron</strong></span> <span class='ocrx_word' id='word_1_147' title='bbox 874 3257 910 3323; x_wconf 93' lang='lat' dir='ltr'><strong>et</strong></span> <span class='ocrx_word' id='word_1_148' title='bbox 938 3252 1074 3324; x_wconf 85' lang='lat' dir='ltr'><strong>tabulae</strong></span> <span class='ocrx_word' id='word_1_149' title='bbox 1102 3255 1202 3323; x_wconf 84' lang='lat' dir='ltr'><strong>testa·</strong></span> 
     </span>
     <span class='ocr_line' id='line_1_23' title="bbox 189 3385 1203 3476; baseline -0.006 -16"><span class='ocrx_word' id='word_1_150' title='bbox 189 3388 297 3460; x_wconf 89' lang='lat' dir='ltr'><strong>menti</strong></span> <span class='ocrx_word' id='word_1_151' title='bbox 338 3392 374 3458; x_wconf 88' lang='lat' dir='ltr'><strong>et</strong></span> <span class='ocrx_word' id='word_1_152' title='bbox 410 3386 611 3458; x_wconf 83' lang='lat' dir='ltr'><strong>candelabra</strong></span> <span class='ocrx_word' id='word_1_153' title='bbox 638 3405 757 3476; x_wconf 81' lang='lat' dir='ltr'><strong>aurea,</strong></span> <span class='ocrx_word' id='word_1_154' title='bbox 787 3391 952 3475; x_wconf 79' lang='lat' dir='ltr'><strong>sturno,</strong></span> <span class='ocrx_word' id='word_1_155' title='bbox 991 3385 1025 3456; x_wconf 91' lang='lat' dir='ltr'><strong>in</strong></span> <span class='ocrx_word' id='word_1_156' title='bbox 1060 3386 1203 3476; x_wconf 88' lang='lat' dir='ltr'><strong>quaest</strong></span> 
     </span>
     <span class='ocr_line' id='line_1_24' title="bbox 190 3515 1201 3611; baseline -0.005 -18"><span class='ocrx_word' id='word_1_157' title='bbox 190 3541 325 3610; x_wconf 83' lang='lat' dir='ltr'><strong>manna,</strong></span> <span class='ocrx_word' id='word_1_158' title='bbox 356 3540 444 3611; x_wconf 83' lang='lat' dir='ltr'><strong>quoe</strong></span> <span class='ocrx_word' id='word_1_159' title='bbox 472 3519 515 3590; x_wconf 92' lang='lat' dir='ltr'><strong>de</strong></span> <span class='ocrx_word' id='word_1_160' title='bbox 538 3519 631 3591; x_wconf 91' lang='lat' dir='ltr'><strong>coelo</strong></span> <span class='ocrx_word' id='word_1_161' title='bbox 661 3519 757 3609; x_wconf 86' lang='lat' dir='ltr'><strong>pluit,</strong></span> <span class='ocrx_word' id='word_1_162' title='bbox 787 3525 822 3591; x_wconf 88' lang='lat' dir='ltr'><strong>et</strong></span> <span class='ocrx_word' id='word_1_163' title='bbox 848 3520 895 3591; x_wconf 90' lang='lat' dir='ltr'><strong>ibi</strong></span> <span class='ocrx_word' id='word_1_164' title='bbox 922 3518 1008 3606; x_wconf 83' lang='lat' dir='ltr'><strong>ignis</strong></span> <span class='ocrx_word' id='word_1_165' title='bbox 1035 3515 1201 3606; x_wconf 81' lang='lat' dir='ltr'><strong>sacrifici,</strong></span> 
     </span>
     <span class='ocr_line' id='line_1_25' title="bbox 191 3649 1270 3744; baseline -0.002 -18"><span class='ocrx_word' id='word_1_166' title='bbox 191 3660 230 3727; x_wconf 89' lang='lat' dir='ltr'><strong>et</strong></span> <span class='ocrx_word' id='word_1_167' title='bbox 257 3653 368 3726; x_wconf 79' lang='lat' dir='ltr'><strong>adhuc</strong></span> <span class='ocrx_word' id='word_1_168' title='bbox 395 3651 542 3726; x_wconf 83' lang='lat' dir='ltr'><strong>destillet</strong></span> <span class='ocrx_word' id='word_1_169' title='bbox 569 3652 690 3743; x_wconf 87' lang='lat' dir='ltr'><strong>oleum,</strong></span> <span class='ocrx_word' id='word_1_170' title='bbox 721 3653 808 3725; x_wconf 91' lang='lat' dir='ltr'><strong>unde</strong></span> <span class='ocrx_word' id='word_1_171' title='bbox 836 3672 936 3741; x_wconf 85' lang='lat' dir='ltr'><strong>reges</strong></span> <span class='ocrx_word' id='word_1_172' title='bbox 955 3656 990 3723; x_wconf 91' lang='lat' dir='ltr'><strong>et</strong></span> <span class='ocrx_word' id='word_1_173' title='bbox 1016 3649 1202 3744; x_wconf 87' lang='lat' dir='ltr'><strong>prophetae</strong></span> <span class='ocrx_word' id='word_1_174' title='bbox 1267 3700 1270 3707; x_wconf 83' lang='lat'>·</span> 
     </span>
    </p>
   </div>
   <div class='ocr_carea' id='block_1_3' title="bbox 0 0 1396 4290">
    <p class='ocr_par' dir='ltr' id='par_1_5' title="bbox 0 0 1396 4290">
     <span class='ocr_line' id='line_1_26' title="bbox 0 0 1396 4290; baseline 0 0"><span class='ocrx_word' id='word_1_175' title='bbox 0 0 1396 4290; x_wconf 95' lang='lat' dir='ltr'><strong> </strong></span> 
     </span>
    </p>
   </div>
  </div>
 </body>
</html>
