<?xml version="1.0" encoding="UTF-8"?>
<!DOCTYPE html PUBLIC "-//W3C//DTD XHTML 1.0 Transitional//EN"
    "http://www.w3.org/TR/xhtml1/DTD/xhtml1-transitional.dtd">
<html xmlns="http://www.w3.org/1999/xhtml" xml:lang="en" lang="en">
 <head>
  <title>
</title>
<meta http-equiv="Content-Type" content="text/html;charset=utf-8" />
  <meta name='ocr-system' content='tesseract 3.04.00' />
  <meta name='ocr-capabilities' content='ocr_page ocr_carea ocr_par ocr_line ocrx_word'/>
</head>
<body>
  <div class='ocr_page' id='page_1' title='image "./descriptioneste01toblgoog_0232.png"; bbox 0 0 2782 4290; ppageno 0'>
   <div class='ocr_carea' id='block_1_1' title="bbox 144 1396 1167 1677">
    <p class='ocr_par' dir='ltr' id='par_1_1' title="bbox 144 1396 1167 1677">
     <span class='ocr_line' id='line_1_1' title="bbox 599 1396 794 1473; baseline 0.01 -2"><span class='ocrx_word' id='word_1_1' title='bbox 599 1396 794 1473; x_wconf 87' lang='lat' dir='ltr'><strong>VIII.</strong></span> 
     </span>
     <span class='ocr_line' id='line_1_2' title="bbox 144 1571 1167 1677; baseline 0.004 -23"><span class='ocrx_word' id='word_1_2' title='bbox 144 1579 147 1587; x_wconf 86' lang='grc'><strong><em>·</em></strong></span> <span class='ocrx_word' id='word_1_3' title='bbox 219 1572 391 1656; x_wconf 79' lang='lat' dir='ltr'><strong>looauuia</strong></span> <span class='ocrx_word' id='word_1_4' title='bbox 418 1572 572 1657; x_wconf 80' lang='lat' dir='ltr'><strong>Poiouer</strong></span> <span class='ocrx_word' id='word_1_5' title='bbox 598 1573 798 1677; x_wconf 70' lang='lat' dir='ltr'><strong>descriptio</strong></span> <span class='ocrx_word' id='word_1_6' title='bbox 824 1571 964 1659; x_wconf 80' lang='lat' dir='ltr'><strong>Terrae</strong></span> <span class='ocrx_word' id='word_1_7' title='bbox 993 1575 1167 1667; x_wconf 76' lang='lat' dir='ltr'><strong>Sanctae</strong></span> 
     </span>
    </p>
   </div>
   <div class='ocr_carea' id='block_1_2' title="bbox 423 1785 972 1869">
    <p class='ocr_par' dir='ltr' id='par_1_2' title="bbox 423 1785 972 1869">
     <span class='ocr_line' id='line_1_3' title="bbox 423 1785 972 1869; baseline 0 -16"><span class='ocrx_word' id='word_1_8' title='bbox 423 1785 468 1853; x_wconf 88' lang='lat' dir='ltr'><strong>De</strong></span> <span class='ocrx_word' id='word_1_9' title='bbox 489 1786 594 1869; x_wconf 80' lang='lat' dir='ltr'><strong>portis</strong></span> <span class='ocrx_word' id='word_1_10' title='bbox 617 1788 765 1856; x_wconf 74' lang='lat' dir='ltr'><strong>civitatis</strong></span> <span class='ocrx_word' id='word_1_11' title='bbox 786 1787 972 1856; x_wconf 75' lang='lat' dir='ltr'><strong>Jerusalem.</strong></span> 
     </span>
    </p>
   </div>
   <div class='ocr_carea' id='block_1_3' title="bbox 184 1948 1280 3654">
    <p class='ocr_par' dir='ltr' id='par_1_3' title="bbox 184 1948 1280 3654">
     <span class='ocr_line' id='line_1_4' title="bbox 269 1948 1201 2043; baseline 0.002 -20"><span class='ocrx_word' id='word_1_12' title='bbox 269 1948 429 2043; x_wconf 83' lang='lat' dir='ltr'><strong>Sequitur</strong></span> <span class='ocrx_word' id='word_1_13' title='bbox 456 1951 499 2022; x_wconf 89' lang='lat' dir='ltr'><strong>de</strong></span> <span class='ocrx_word' id='word_1_14' title='bbox 527 1954 653 2042; x_wconf 82' lang='lat' dir='ltr'><strong>portis,</strong></span> <span class='ocrx_word' id='word_1_15' title='bbox 690 1973 775 2043; x_wconf 88' lang='lat' dir='ltr'><strong>quae</strong></span> <span class='ocrx_word' id='word_1_16' title='bbox 805 1957 901 2024; x_wconf 87' lang='lat' dir='ltr'><strong>erant</strong></span> <span class='ocrx_word' id='word_1_17' title='bbox 932 1952 966 2022; x_wconf 92' lang='lat' dir='ltr'><strong>in</strong></span> <span class='ocrx_word' id='word_1_18' title='bbox 994 1972 1091 2024; x_wconf 90' lang='lat' dir='ltr'><strong>muro</strong></span> <span class='ocrx_word' id='word_1_19' title='bbox 1119 1953 1201 2025; x_wconf 88' lang='lat' dir='ltr'><strong>civi·</strong></span> 
     </span>
     <span class='ocr_line' id='line_1_5' title="bbox 188 2085 1200 2178; baseline -0.004 -16"><span class='ocrx_word' id='word_1_20' title='bbox 188 2087 267 2162; x_wconf 75' lang='lat' dir='ltr'><strong>tatis</strong></span> <span class='ocrx_word' id='word_1_21' title='bbox 294 2085 500 2177; x_wconf 82' lang='lat' dir='ltr'>Jerusalem,</span> <span class='ocrx_word' id='word_1_22' title='bbox 537 2107 621 2178; x_wconf 89' lang='lat' dir='ltr'><strong>quas</strong></span> <span class='ocrx_word' id='word_1_23' title='bbox 653 2088 775 2160; x_wconf 83' lang='lat' dir='ltr'>recolit</span> <span class='ocrx_word' id='word_1_24' title='bbox 803 2090 921 2160; x_wconf 82' lang='lat' dir='ltr'><strong>textus</strong></span> <span class='ocrx_word' id='word_1_25' title='bbox 952 2106 1066 2159; x_wconf 83' lang='lat' dir='ltr'><strong>sacrae</strong></span> <span class='ocrx_word' id='word_1_26' title='bbox 1094 2087 1200 2176; x_wconf 87' lang='lat' dir='ltr'><strong>scrip·</strong></span> 
     </span>
     <span class='ocr_line' id='line_1_6' title="bbox 186 2218 1200 2312; baseline -0.002 -19"><span class='ocrx_word' id='word_1_27' title='bbox 186 2226 297 2294; x_wconf 78' lang='lat' dir='ltr'><strong>omae.</strong></span> <span class='ocrx_word' id='word_1_28' title='bbox 336 2218 450 2291; x_wconf 85' lang='lat' dir='ltr'><strong>Prima</strong></span> <span class='ocrx_word' id='word_1_29' title='bbox 476 2219 566 2292; x_wconf 88' lang='lat' dir='ltr'><strong>enim</strong></span> <span class='ocrx_word' id='word_1_30' title='bbox 594 2221 780 2295; x_wconf 85' lang='lat' dir='ltr'><strong>vocabatur</strong></span> <span class='ocrx_word' id='word_1_31' title='bbox 810 2225 936 2312; x_wconf 89' lang='lat' dir='ltr'><strong>porta</strong></span> <span class='ocrx_word' id='word_1_32' title='bbox 970 2219 1125 2311; x_wconf 87' lang='lat' dir='ltr'><strong>David,</strong></span> <span class='ocrx_word' id='word_1_33' title='bbox 1165 2226 1200 2293; x_wconf 85' lang='lat' dir='ltr'><strong>et</strong></span> 
     </span>
     <span class='ocr_line' id='line_1_7' title="bbox 189 2353 1200 2446; baseline -0.002 -18"><span class='ocrx_word' id='word_1_34' title='bbox 189 2359 241 2428; x_wconf 83' lang='lat' dir='ltr'><strong>est</strong></span> <span class='ocrx_word' id='word_1_35' title='bbox 274 2353 428 2445; x_wconf 83' lang='lat' dir='ltr'><strong>superior</strong></span> <span class='ocrx_word' id='word_1_36' title='bbox 459 2360 560 2446; x_wconf 83' lang='lat' dir='ltr'><strong>porta</strong></span> <span class='ocrx_word' id='word_1_37' title='bbox 593 2356 741 2428; x_wconf 81' lang='lat' dir='ltr'><strong>civitatis</strong></span> <span class='ocrx_word' id='word_1_38' title='bbox 775 2357 810 2427; x_wconf 94' lang='lat' dir='ltr'><strong>in</strong></span> <span class='ocrx_word' id='word_1_39' title='bbox 842 2355 966 2444; x_wconf 82' lang='lat' dir='ltr'><strong>angulo</strong></span> <span class='ocrx_word' id='word_1_40' title='bbox 1002 2353 1200 2443; x_wconf 85' lang='lat' dir='ltr'><strong>occidentis;</strong></span> 
     </span>
     <span class='ocr_line' id='line_1_8' title="bbox 186 2486 1201 2582; baseline -0.004 -21"><span class='ocrx_word' id='word_1_41' title='bbox 186 2489 391 2563; x_wconf 78' lang='lat' dir='ltr'><strong>scitantem</strong></span> <span class='ocrx_word' id='word_1_42' title='bbox 418 2488 465 2560; x_wconf 88' lang='lat' dir='ltr'><strong>sic</strong></span> <span class='ocrx_word' id='word_1_43' title='bbox 493 2488 584 2562; x_wconf 85' lang='lat' dir='ltr'><strong>dicta</strong></span> <span class='ocrx_word' id='word_1_44' title='bbox 610 2510 674 2580; x_wconf 92' lang='lat' dir='ltr'><strong>pro</strong></span> <span class='ocrx_word' id='word_1_45' title='bbox 700 2510 752 2578; x_wconf 88' lang='lat' dir='ltr'><strong>eo,</strong></span> <span class='ocrx_word' id='word_1_46' title='bbox 782 2489 873 2582; x_wconf 90' lang='lat' dir='ltr'><strong>quod</strong></span> <span class='ocrx_word' id='word_1_47' title='bbox 900 2488 1037 2560; x_wconf 81' lang='lat' dir='ltr'><strong>turris</strong></span> <span class='ocrx_word' id='word_1_48' title='bbox 1063 2486 1201 2559; x_wconf 85' lang='lat' dir='ltr'><strong>David</strong></span> 
     </span>
     <span class='ocr_line' id='line_1_9' title="bbox 186 2621 1198 2716; baseline 0.001 -24"><span class='ocrx_word' id='word_1_49' title='bbox 186 2621 298 2694; x_wconf 88' lang='lat' dir='ltr'><strong>eidem</strong></span> <span class='ocrx_word' id='word_1_50' title='bbox 324 2621 531 2694; x_wconf 85' lang='lat' dir='ltr'><strong>imminebat.</strong></span> <span class='ocrx_word' id='word_1_51' title='bbox 584 2623 685 2696; x_wconf 81' lang='lat' dir='ltr'><strong>Dicte</strong></span> <span class='ocrx_word' id='word_1_52' title='bbox 712 2624 815 2696; x_wconf 84' lang='lat' dir='ltr'><strong>etiam</strong></span> <span class='ocrx_word' id='word_1_53' title='bbox 841 2623 904 2696; x_wconf 81' lang='lat' dir='ltr'><strong>iuuit</strong></span> <span class='ocrx_word' id='word_1_54' title='bbox 930 2627 1032 2716; x_wconf 83' lang='lat' dir='ltr'><strong>porta</strong></span> <span class='ocrx_word' id='word_1_55' title='bbox 1057 2621 1198 2714; x_wconf 80' lang='lat' dir='ltr'><strong>piscium</strong></span> 
     </span>
     <span class='ocr_line' id='line_1_10' title="bbox 186 2755 1199 2847; baseline -0.001 -20"><span class='ocrx_word' id='word_1_56' title='bbox 186 2775 247 2846; x_wconf 89' lang='lat' dir='ltr'><strong>eo,</strong></span> <span class='ocrx_word' id='word_1_57' title='bbox 288 2755 379 2844; x_wconf 89' lang='lat' dir='ltr'><strong>quod</strong></span> <span class='ocrx_word' id='word_1_58' title='bbox 404 2776 467 2847; x_wconf 90' lang='lat' dir='ltr'><strong>pcr</strong></span> <span class='ocrx_word' id='word_1_59' title='bbox 494 2778 569 2829; x_wconf 89' lang='lat' dir='ltr'><strong>eam</strong></span> <span class='ocrx_word' id='word_1_60' title='bbox 595 2756 660 2830; x_wconf 84' lang='lat' dir='ltr'><strong>fuit</strong></span> <span class='ocrx_word' id='word_1_61' title='bbox 688 2758 742 2831; x_wconf 85' lang='lat' dir='ltr'><strong>via</strong></span> <span class='ocrx_word' id='word_1_62' title='bbox 768 2757 812 2829; x_wconf 86' lang='lat' dir='ltr'><strong>de</strong></span> <span class='ocrx_word' id='word_1_63' title='bbox 838 2756 951 2846; x_wconf 83' lang='lat' dir='ltr'><strong>Joppe</strong></span> <span class='ocrx_word' id='word_1_64' title='bbox 986 2761 1022 2830; x_wconf 84' lang='lat' dir='ltr'><strong>et</strong></span> <span class='ocrx_word' id='word_1_65' title='bbox 1047 2755 1199 2847; x_wconf 87' lang='lat' dir='ltr'><strong>Diospoli</strong></span> 
     </span>
     <span class='ocr_line' id='line_1_11' title="bbox 186 2888 1199 2983; baseline 0.001 -23"><span class='ocrx_word' id='word_1_66' title='bbox 186 2895 221 2960; x_wconf 80' lang='lat' dir='ltr'><strong>et</strong></span> <span class='ocrx_word' id='word_1_67' title='bbox 246 2888 433 2960; x_wconf 87' lang='lat' dir='ltr'><strong>maritimis.</strong></span> <span class='ocrx_word' id='word_1_68' title='bbox 489 2889 605 2962; x_wconf 87' lang='lat' dir='ltr'><strong>Etiam</strong></span> <span class='ocrx_word' id='word_1_69' title='bbox 638 2912 701 2983; x_wconf 91' lang='lat' dir='ltr'><strong>per</strong></span> <span class='ocrx_word' id='word_1_70' title='bbox 728 2911 804 2963; x_wconf 87' lang='lat' dir='ltr'><strong>eam</strong></span> <span class='ocrx_word' id='word_1_71' title='bbox 830 2890 1012 2964; x_wconf 80' lang='lat' dir='ltr'><strong>veniebant</strong></span> <span class='ocrx_word' id='word_1_72' title='bbox 1045 2888 1199 2978; x_wconf 82' lang='lat' dir='ltr'><strong>negotia-</strong></span> 
     </span>
     <span class='ocr_line' id='line_1_12' title="bbox 184 3021 1197 3114; baseline 0 -20"><span class='ocrx_word' id='word_1_73' title='bbox 184 3026 280 3096; x_wconf 84' lang='lat' dir='ltr'><strong>tores</strong></span> <span class='ocrx_word' id='word_1_74' title='bbox 314 3021 358 3093; x_wconf 88' lang='lat' dir='ltr'><strong>de</strong></span> <span class='ocrx_word' id='word_1_75' title='bbox 391 3022 573 3114; x_wconf 78' lang='lat' dir='ltr'><strong>Aethiopia</strong></span> <span class='ocrx_word' id='word_1_76' title='bbox 612 3028 648 3096; x_wconf 82' lang='lat' dir='ltr'><strong>et</strong></span> <span class='ocrx_word' id='word_1_77' title='bbox 679 3023 838 3114; x_wconf 84' lang='lat' dir='ltr'><strong>Aegypto</strong></span> <span class='ocrx_word' id='word_1_78' title='bbox 876 3043 1007 3095; x_wconf 88' lang='lat' dir='ltr'><strong>merces</strong></span> <span class='ocrx_word' id='word_1_79' title='bbox 1046 3022 1197 3094; x_wconf 87' lang='lat' dir='ltr'><strong>divorsas</strong></span> 
     </span>
     <span class='ocr_line' id='line_1_13' title="bbox 184 3155 1193 3249; baseline -0.001 -20"><span class='ocrx_word' id='word_1_80' title='bbox 184 3156 400 3230; x_wconf 78' lang='lat' dir='ltr'><strong>adducentes.</strong></span> <span class='ocrx_word' id='word_1_81' title='bbox 438 3155 533 3228; x_wconf 86' lang='lat' dir='ltr'><strong>Haec</strong></span> <span class='ocrx_word' id='word_1_82' title='bbox 554 3158 642 3234; x_wconf 89' lang='lat' dir='ltr'><strong>enim</strong></span> <span class='ocrx_word' id='word_1_83' title='bbox 664 3162 766 3249; x_wconf 83' lang='lat' dir='ltr'><strong>porta</strong></span> <span class='ocrx_word' id='word_1_84' title='bbox 792 3155 908 3230; x_wconf 73' lang='lat' dir='ltr'><strong>iuioin</strong></span> <span class='ocrx_word' id='word_1_85' title='bbox 928 3157 1066 3247; x_wconf 80' lang='lat' dir='ltr'><strong>antiquo</strong></span> <span class='ocrx_word' id='word_1_86' title='bbox 1085 3176 1193 3247; x_wconf 89' lang='lat' dir='ltr'><strong>muro,</strong></span> 
     </span>
     <span class='ocr_line' id='line_1_14' title="bbox 187 3288 1193 3382; baseline 0 -18"><span class='ocrx_word' id='word_1_87' title='bbox 187 3297 221 3365; x_wconf 82' lang='lat' dir='ltr'><strong>et</strong></span> <span class='ocrx_word' id='word_1_88' title='bbox 248 3290 463 3382; x_wconf 81' lang='lat' dir='ltr'><strong>conjungitur</strong></span> <span class='ocrx_word' id='word_1_89' title='bbox 490 3289 521 3361; x_wconf 90' lang='lat' dir='ltr'><strong>ei</strong></span> <span class='ocrx_word' id='word_1_90' title='bbox 547 3291 658 3363; x_wconf 84' lang='lat' dir='ltr'><strong>adhuc</strong></span> <span class='ocrx_word' id='word_1_91' title='bbox 686 3290 787 3363; x_wconf 91' lang='lat' dir='ltr'><strong>hodie</strong></span> <span class='ocrx_word' id='word_1_92' title='bbox 813 3312 928 3363; x_wconf 91' lang='lat' dir='ltr'><strong>murus</strong></span> <span class='ocrx_word' id='word_1_93' title='bbox 960 3291 1064 3380; x_wconf 74' lang='lat' dir='ltr'><strong>percis</strong></span> <span class='ocrx_word' id='word_1_94' title='bbox 1095 3288 1193 3378; x_wconf 77' lang='lat' dir='ltr'><strong>ilius,</strong></span> 
     </span>
     <span class='ocr_line' id='line_1_15' title="bbox 188 3420 1280 3516; baseline -0.005 -19"><span class='ocrx_word' id='word_1_95' title='bbox 188 3445 273 3516; x_wconf 89' lang='lat' dir='ltr'><strong>quae</strong></span> <span class='ocrx_word' id='word_1_96' title='bbox 305 3424 370 3496; x_wconf 80' lang='lat' dir='ltr'><strong>fuit</strong></span> <span class='ocrx_word' id='word_1_97' title='bbox 395 3424 550 3514; x_wconf 88' lang='lat' dir='ltr'><strong>apposita</strong></span> <span class='ocrx_word' id='word_1_98' title='bbox 577 3431 720 3515; x_wconf 87' lang='lat' dir='ltr'><strong>propter</strong></span> <span class='ocrx_word' id='word_1_99' title='bbox 746 3423 959 3515; x_wconf 87' lang='lat' dir='ltr'><strong>sepulchrum</strong></span> <span class='ocrx_word' id='word_1_100' title='bbox 985 3420 1120 3492; x_wconf 88' lang='lat' dir='ltr'><strong>Domini</strong></span> <span class='ocrx_word' id='word_1_101' title='bbox 1145 3421 1196 3515; x_wconf 91' lang='lat' dir='ltr'><strong>in·</strong></span> <span class='ocrx_word' id='word_1_102' title='bbox 1276 3444 1280 3451; x_wconf 93' lang='lat'>·</span> 
     </span>
     <span class='ocr_line' id='line_1_16' title="bbox 186 3549 1197 3654; baseline -0.006 -25"><span class='ocrx_word' id='word_1_103' title='bbox 186 3556 398 3654; x_wconf 80' lang='lat' dir='ltr'><strong>cludendum,</strong></span> <span class='ocrx_word' id='word_1_104' title='bbox 420 3593 422 3597; x_wconf 56' lang='lat'>&gt;</span> <span class='ocrx_word' id='word_1_105' title='bbox 447 3557 500 3650; x_wconf 88' lang='lat' dir='ltr'><strong>De</strong></span> <span class='ocrx_word' id='word_1_106' title='bbox 526 3558 593 3629; x_wconf 83' lang='lat' dir='ltr'><strong>ista</strong></span> <span class='ocrx_word' id='word_1_107' title='bbox 618 3549 728 3647; x_wconf 45' lang='lat' dir='ltr'><strong>porta*</strong></span> <span class='ocrx_word' id='word_1_108' title='bbox 750 3555 957 3648; x_wconf 86' lang='lat' dir='ltr'><strong>procedebat</strong></span> <span class='ocrx_word' id='word_1_109' title='bbox 982 3552 1038 3625; x_wconf 86' lang='lat' dir='ltr'><strong>via</strong></span> <span class='ocrx_word' id='word_1_110' title='bbox 1065 3554 1100 3624; x_wconf 92' lang='lat' dir='ltr'><strong>in</strong></span> <span class='ocrx_word' id='word_1_111' title='bbox 1127 3558 1197 3624; x_wconf 85' lang='lat' dir='ltr'><strong>tres</strong></span> 
     </span>
    </p>
   </div>
   <div class='ocr_carea' id='block_1_4' title="bbox 186 3687 1196 3873">
    <p class='ocr_par' dir='ltr' id='par_1_4' title="bbox 186 3687 1196 3873">
     <span class='ocr_line' id='line_1_17' title="bbox 186 3687 1196 3782; baseline -0.008 -18"><span class='ocrx_word' id='word_1_112' title='bbox 186 3695 302 3779; x_wconf 66' lang='lat' dir='ltr'><strong>parces</strong></span> <span class='ocrx_word' id='word_1_113' title='bbox 336 3689 459 3764; x_wconf 79' lang='lat' dir='ltr'><strong>divisa:</strong></span> <span class='ocrx_word' id='word_1_114' title='bbox 488 3710 556 3763; x_wconf 85' lang='lat' dir='ltr'><strong>una</strong></span> <span class='ocrx_word' id='word_1_115' title='bbox 587 3711 690 3782; x_wconf 87' lang='lat' dir='ltr'><strong>super</strong></span> <span class='ocrx_word' id='word_1_116' title='bbox 722 3710 841 3780; x_wconf 82' lang='lat' dir='ltr'><strong>agrum</strong></span> <span class='ocrx_word' id='word_1_117' title='bbox 867 3687 1019 3777; x_wconf 87' lang='lat' dir='ltr'><strong>fullonis,</strong></span> <span class='ocrx_word' id='word_1_118' title='bbox 1057 3692 1196 3776; x_wconf 84' lang='lat' dir='ltr'><strong>etune,</strong></span> 
     </span>
     <span class='ocr_line' id='line_1_18' title="bbox 810 3807 1029 3873; baseline 0 0"><span class='ocrx_word' id='word_1_119' title='bbox 810 3808 816 3817; x_wconf 88' lang='lat'>&#39;</span> <span class='ocrx_word' id='word_1_120' title='bbox 946 3863 948 3873; x_wconf 93' lang='lat'><em>.</em></span> <span class='ocrx_word' id='word_1_121' title='bbox 988 3807 1029 3873; x_wconf 84' lang='lat'><strong>15</strong></span> 
     </span>
    </p>
   </div>
   <div class='ocr_carea' id='block_1_5' title="bbox 0 0 1396 4290">
    <p class='ocr_par' dir='ltr' id='par_1_5' title="bbox 0 0 1396 4290">
     <span class='ocr_line' id='line_1_19' title="bbox 0 0 1396 4290; baseline 0 4"><span class='ocrx_word' id='word_1_122' title='bbox 0 0 1396 4290; x_wconf 95' lang='lat' dir='ltr'><strong> </strong></span> 
     </span>
    </p>
   </div>
  </div>
 </body>
</html>
