2782 4290
317 412 382 478 174

316 594 429 688 posuit
467 591 572 666 Jacob
613 588 788 664 duodecim
827 590 957 681 lapides
996 611 1064 662 non
1103 591 1257 664 modicos
1294 592 1329 663 iu

316 732 553 801 testamentum
580 723 757 797 duodecim
785 721 931 796 filiorum
957 746 1110 798 snorum:
1145 726 1242 818 cujus
1268 725 1327 796 ad-

318 862 384 933 buc
412 860 561 952 pyramis
588 880 608 931 a
634 858 883 930 transeuntibus
907 858 1018 930 videri
1043 863 1166 950 potest.

319 1095 370 1164 20.
408 1093 559 1162 dordonis
595 1093 732 1172 fluvius,
782 1091 940 1160 desertum
977 1092 1204 1176 tinnientem,
1244 1110 1332 1160 mous

407 1201 622 1282 ¹feriationis,
654 1200 726 1266 fons
756 1199 911 1278 Helisaei,
944 1199 1031 1266 locus
1061 1201 1158 1280 coeci,
1192 1199 1331 1280 iericho,

274 1366 276 1370 Α
408 1306 576 1390 Betheglo,
599 1305 755 1390 nugandi.

400 1525 563 1597 Dominus
590 1528 718 1614 noster,
748 1545 824 1595 cnm
850 1525 970 1614 viginti
997 1546 1120 1599 novem
1150 1528 1242 1597 esset
1269 1546 1329 1597 on-

322 1681 443 1751 norum
459 1664 496 1732 et
507 1657 678 1731 tredecim
700 1657 839 1748 dierum,
854 1662 894 1729 ut
905 1658 1014 1732 Lucas
1027 1659 1085 1750 eit,
1102 1658 1332 1751 inciperetque
1375 1722 1376 1725 ,

322 1795 418 1886 qnasi
459 1793 670 1884 trigesimum
715 1811 855 1882 anuum,
890 1792 1005 1866 volens
1043 1793 1333 1865 circumcisionem

322 1927 419 1999 finire
452 1932 489 1999 et
521 1933 673 1999 veterem
705 1925 875 1998 hominem
909 1946 998 2016 equa
1030 1925 1244 1999 sanctificata
1277 1947 1331 1998 re·

322 2082 460 2152 novere,
489 2059 645 2134 venitin
674 2058 845 2131 desertum
872 2059 916 2132 ed
942 2060 1142 2150 iohannem,
1173 2080 1333 2151 praecur-

323 2217 434 2269 sorem
462 2215 569 2284 sunm‚
600 2197 635 2265 et
657 2193 849 2282 baptizatus
876 2200 930 2267 est
957 2194 999 2267 ab
1019 2214 1060 2266 eo
1077 2194 1110 2264 in
1126 2193 1149 2265 J
1156 2193 1332 2283 ordene,

320 2331 356 2400 in
384 2350 425 2402 eo
452 2329 543 2418 loco,
581 2326 637 2419 qni
672 2325 775 2398 distat
809 2327 851 2400 eb
884 2327 1025 2401 iericho
1064 2327 1175 2421 lapide
1212 2327 1331 2399 tertio:

322 2464 381 2534 ubi
400 2483 465 2534 vox
492 2461 597 2552 patris
624 2460 675 2532 sui
702 2460 845 2531 intonuit
872 2461 973 2552 snper
1000 2482 1085 2556 oum,
1115 2461 1244 2535 diceus:
1264 2459 1336 2532 Hic

324 2599 373 2668 est
397 2591 493 2681 filins
519 2615 614 2666 utens
641 2591 784 2665 dilectus
812 2597 880 2666 etc.
942 2593 1100 2667 dordonis
1133 2599 1251 2668 autem
1287 2598 1336 2667 est

324 2727 454 2818 fluvius
484 2728 540 2818 qni
567 2748 587 2798 n
615 2726 744 2800 duobus
770 2727 926 2819 fontibus,
956 2729 1081 2801 scilicet
1100 2727 1165 2802 Jor
1193 2735 1229 2802 et
1248 2730 1333 2817 Dan,

325 2862 382 2953 qni
417 2861 460 2933 ad
492 2861 644 2933 redicem
671 2832 791 2934 Libani
824 2863 978 2976 orinptnr
1006 2867 1056 2963 et,
1093 2866 1174 2954 post
1201 2863 1335 2951 longum

323 2999 470 3068 tractum
511 2995 651 3067 seorsim
691 2995 852 3085 fluentes,
899 2995 959 3068 sub
999 2995 1168 3068 montibus
1208 2995 1336 3071 Gelboe

207 3167 211 3173 ·
325 3130 581 3222 conjunguntur,
611 3127 792 3202 conficitur.
834 3127 980 3219 Spiritus
998 3149 1130 3220 qnoque
1148 3129 1335 3203 sauctusin

327 3262 447 3335 eodem
473 3267 646 3353 tempore,
682 3263 814 3354 quando
842 3261 993 3335 Christus
1020 3261 1276 3355 baptizabatur,
1303 3263 1335 3333 in

325 3396 441 3487 specie
482 3395 658 3468 columbae
698 3417 801 3489 super
835 3396 946 3485 ipsum
986 3395 1098 3486 venit,
1143 3397 1333 3489 ostendeus,

327 3551 415 3622 enm,
443 3550 510 3601 non
537 3529 728 3603 Johnnnem
755 3528 982 3603 sanctificandi
1005 3550 1109 3620 equas
1136 3534 1334 3622 potestatem

326 3663 463 3737 habere.
520 3662 649 3736 Ibidem
676 3685 811 3757 qnoque
837 3645 963 3757 prope,
997 3663 1157 3738 videlicet
1193 3663 1333 3738 secundo
