2782 4290
1172 351 1342 474 ⁷9-

281 589 321 662 In
353 594 501 662 sancto
529 586 735 685 Johanne,
771 588 826 661 ubi
859 591 959 661 natus
994 588 1073 680 hit,
1102 588 1151 680 ΙΙ,
1180 591 1214 661 in

197 729 347 796 sancto
391 723 618 797 Theodoro
658 721 707 811 Π,
746 723 781 793 in
809 728 958 794 sancto
999 721 1148 812 Sergio
1186 725 1212 815 l,

197 857 232 928 in
266 861 418 930 sancto
454 856 606 928 Cosma
642 862 684 926 et
711 856 926 946 Damiano,
956 857 1011 931 ubi
1039 857 1112 929 nati
1139 855 1212 929 iue-

195 994 289 1082 ruut‚
320 989 377 1081 111,
408 995 444 1063 et
471 990 529 1062 ubi
557 989 778 1082 medimhant,
807 992 986 1080 presbyter
1012 989 1038 1061 l.

277 1125 315 1194 ln
356 1130 474 1196 saneto
515 1129 650 1195 monte
685 1120 846 1196 Oliveti
888 1123 1103 1196 ecclesiae
1145 1125 1209 1198 Ill:

194 1277 264 1330 una
297 1258 446 1330 ascensio
480 1256 634 1348 Domini,
674 1257 762 1328 inter
792 1257 1010 1348 presbyteros
1047 1263 1082 1328 ot
1114 1258 1211 1330 cleri-

195 1391 289 1487 (oos)
317 1390 375 1483 111,
405 1391 480 1482 alia,
515 1390 573 1463 ubi
601 1390 716 1462 docuit
744 1390 920 1483 discipulos
939 1411 1016 1463 suos
1040 1389 1203 1485 Christus,

191 1525 250 1597 ubi
278 1525 522 1597 suntmonaohi
549 1522 606 1614 Ill,
634 1524 812 1614 presbyter
838 1523 864 1615 l,
895 1525 999 1597 tertia
1025 1525 1208 1599 inhonore

192 1665 331 1732 sanotae
360 1658 493 1730 Mariae
521 1657 634 1730 cleriei
664 1657 705 1737 Il,
745 1659 876 1749 luclusi,
916 1660 972 1748 qui
1000 1660 1119 1732 sedent
1145 1683 1209 1752 per

191 1793 346 1883 cellulas,
383 1814 518 1882 eorum,
559 1791 616 1881 qui
650 1812 771 1880 graeca
804 1793 919 1882 lingua
953 1793 1109 1884 psallent,
1146 1795 1203 1885 iil,

191 1926 366 2016 georgiani
400 1926 481 2017 llll,
523 1926 645 2015 syriani
672 1926 738 2017 Vl,
779 1927 909 1998 armeni
946 1926 994 2018 ll,
1036 1927 1130 1999 latini
1158 1927 1202 2017 V,

192 2060 249 2150 qui
278 2060 488 2132 sarracenica
519 2059 634 2150 lingua
667 2061 782 2151 psallit
810 2062 834 2132 l.
874 2061 979 2133 Juxta
1012 2061 1103 2132 illam
1130 2082 1202 2134 soa-

191 2193 270 2283 lam,
302 2194 438 2284 quando
465 2194 555 2267 subis
581 2194 615 2265 iu
643 2200 792 2267 montem
820 2199 982 2285 sanctum,
1018 2195 1132 2266 inclusi
1160 2195 1201 2286 ll,

191 2349 278 2400 uuus
306 2349 459 2420 maenus,
489 2328 575 2400 alter
601 2349 713 2418 syrus3
744 2328 787 2399 ad
814 2348 976 2400 summam
1010 2329 1133 2400 saulam
1167 2330 1201 2399 in

189 2459 477 2535 Gethsemane
518 2461 635 2534 inclusi
677 2460 740 2551 ΙΙΙ,
779 2482 920 2552 graecus
963 2467 999 2535 et
1037 2482 1136 2552 syrus
1163 2469 1200 2536 et

188 2596 404 2685 georgianus
442 2596 480 2667 ln
508 2596 624 2668 valle
651 2595 673 2667 J
681 2597 862 2686 osaphat
896 2597 1044 2669 inclusus
1072 2596 1097 2687 1,
1127 2618 1200 2669 mo·

187 2722 336 2802 nestoris
362 2731 550 2821 puellarum
576 2729 702 2802 XXVI.

268 2863 323 2936 De
363 2865 504 2955 imperio
543 2864 668 2935 domini
697 2862 809 2936 Caroli
851 2885 937 2954 quae
977 2865 1020 2936 ad
1062 2868 1200 2958 sepul-

187 2996 332 3069 chrum
359 2997 527 3069 Domini
555 2998 706 3070 serviunt
727 2997 802 3069 Deo
829 3003 982 3071 sacratae
1011 2998 1118 3090 XVII,
1149 3002 1199 3072 in·

186 3131 278 3203 olnsa
306 3130 349 3202 de
376 3130 542 3224 Hispania
569 3130 595 3202 l.

265 3264 305 3336 ln
354 3266 561 3339 monasterio
608 3266 749 3339 sancti
795 3265 917 3339 Petri
965 3272 1008 3340 et
1058 3269 1198 3340 sancti

186 3397 309 3471 Pauli
336 3400 372 3471 in
399 3400 561 3472 Bisanteo
586 3400 687 3490 Juxta
713 3403 861 3472 montem
889 3399 1013 3473 Oliveti
1040 3401 1198 3472 monaehi
1240 3471 1243 3476 .

186 3532 333 3625 XXXV,
378 3534 422 3606 ad
455 3539 641 3606 sanctum
669 3533 875 3605 Lazarum
909 3535 949 3604 in
976 3533 1197 3607 Bethania
