2782 4290
1086 429 1126 501 13

117 609 227 699 daret,
257 613 292 681 et
318 609 376 682 ille
404 632 518 684 secum
530 617 693 703 pergeret
721 616 820 702 pater
838 613 923 703 ejus,
952 611 1124 703 poscebat.

118 742 271 832 Cumque
298 743 410 834 illum,
452 745 497 817 ad
528 746 615 817 tanti
642 746 755 835 operis
783 745 916 815 initium
943 751 1127 835 tantaeque

117 877 209 948 vitae
243 877 534 948 conversationem
566 876 759 966 invitando,
798 899 819 949 a
850 878 976 950 saeculi
1008 878 1126 969 volup

117 1010 251 1100 tatibus,
281 1031 302 1081 a
327 1010 441 1082 mundi
469 1009 610 1100 deliciis,
640 1032 661 1082 a
687 1011 885 1100 temporalis
917 1011 1007 1083 vitae
1036 1011 1127 1084 falsis

117 1144 308 1215 divitiarum
334 1143 506 1233 prosperis
530 1144 743 1234 suggerendo
770 1164 953 1234 segregare
979 1145 1125 1234 volebat,
1152 1188 1156 1194 ,

116 1284 153 1348 et
179 1278 282 1366 illum,
313 1276 502 1367 opitulante
515 1278 670 1367 Domino,
700 1278 884 1350 adrectae
912 1277 1124 1350 consttutio-

115 1411 167 1482 nis
193 1410 337 1482 formam
365 1416 400 1480 et
426 1411 469 1481 ad
497 1413 653 1484 eoelestis
667 1411 805 1482 militiae
822 1411 1012 1482 tiroeinium
1040 1410 1125 1482 divi-

116 1565 194 1615 num
242 1544 400 1616 inchoare
450 1545 626 1617 servitium
675 1546 933 1636 propriamque
966 1542 1124 1616 deserere

116 1677 260 1768 patriam
289 1684 323 1749 et
349 1677 465 1769 patula
484 1701 596 1751 seeum
622 1678 901 1770 peregrinationis
926 1678 1125 1768 perquirere

117 1832 197 1882 rura
225 1812 379 1902 rogabat,
410 1818 444 1883 et
471 1814 518 1884 sic
545 1813 636 1884 illum
665 1813 818 1902 primitus
847 1811 975 1884 blandis
1003 1831 1125 1883 oracu-

116 1944 224 2015 lorum
257 1945 375 2017 studiis
411 1945 612 2037 alloquendo
652 1946 836 2035 invitabat,
870 1950 928 2035 ut,
964 1944 1125 2018 comitatu

116 2077 259 2149 filiorum
287 2079 360 2169 ejus
386 2078 540 2170 iungens,
570 2080 707 2169 egregia
727 2078 839 2150 adiret
852 2078 958 2168 Petri,
988 2083 1126 2167 aposto·

116 2212 225 2283 lorum
250 2213 425 2301 principis,
463 2214 591 2285 limina:
629 2218 709 2285 tuno
741 2211 797 2282 ille
825 2211 1037 2302 adprimitus,
1067 2211 1124 2283 illo

115 2345 323 2435 postulante,
358 2346 500 2437 petitum
516 2352 715 2436 ,negaverat
740 2344 932 2433 transitum,
964 2366 1125 2416 enoiusan-

115 2478 227 2568 doqoe
261 2479 411 2570 conjugis
446 2485 481 2551 et
515 2481 697 2552 liberorum
735 2479 974 2551 inoletivorum
1012 2478 1125 2568 parvi·

114 2617 218 2683 tatem
253 2617 289 2682 et
315 2611 531 2701 fragilitatem
558 2614 635 2684 illos
668 2613 790 2684 orbare
817 2616 853 2682 et
880 2611 998 2683 alienis
1025 2613 1123 2687 dere-

115 2745 264 2835 linquere
312 2746 525 2836 inhonestum
573 2751 609 2816 et
646 2745 784 2816 crudele
823 2764 898 2817 esse
937 2747 1120 2836 respondit.

115 2877 207 2949 Tune
234 2877 291 2951 ille
319 2879 461 2968 belliger
474 2878 602 2952 Christi
616 2879 721 2969 miles,
751 2880 880 2950 iteratis
896 2877 1123 2951 hortationum

114 3010 258 3083 oraculis
284 3013 482 3102 magnisque
509 3032 646 3101 preoum
678 3010 991 3102 perdurationibus,
1024 3013 1125 3085 toties

114 3164 176 3233 per
224 3145 398 3232 asperiora
443 3144 613 3233 rigidioris
652 3144 743 3217 vitae
788 3145 989 3216 documenta
1032 3153 1124 3220 meta

113 3282 149 3348 et
165 3277 275 3348 minis
294 3278 508 3369 objurgabat,
539 3284 574 3349 et
584 3279 685 3349 toties
699 3277 839 3367 placidis
859 3279 948 3350 vitae
963 3286 1123 3351 aeternae

112 3409 358 3499 sponsionibus
388 3412 592 3484 amoenitate
620 3410 767 3500 paradisi
795 3415 832 3482 et
860 3430 973 3482 amore
1001 3410 1123 3482 Obristi

112 3543 293 3615 mulrendo
326 3544 420 3614 illum
454 3543 650 3632 instigabat,
687 3548 722 3614 et
753 3544 802 3615 ita
830 3544 982 3614 omnibus
1016 3543 1124 3614 modis

110 3675 291 3765 hortando,
320 3676 578 3766 alloquendoad
605 3697 685 3748 suae
713 3676 895 3748 voluntatis
922 3696 1123 3748 eonsensum
