2782 4290
298 383 362 483 111

296 597 493 670 1111111111
526 595 651 683 inungi.
708 593 757 665 Et
791 595 844 667 hic
868 595 969 686 juxta
995 595 1060 667 Dei
1093 595 1179 667 filius
1208 614 1306 686 prae·

296 736 446 804 scutatus
474 728 554 816 fuit,
591 733 627 800 et
661 727 770 800 Jacob
805 728 926 801 scalam
960 729 1002 799 de
1038 729 1131 802 caelu
1171 729 1308 801 descen-

298 865 432 936 dentem
461 862 557 965 vidit.
613 861 644 931 A
674 862 807 935 sinistro
836 862 944 934 latere
973 861 1066 933 cheri

351 1002 413 1070 est
444 968 610 1068 oblatus
638 1016 710 1066 rex
737 1015 879 1084 regum
907 994 955 1065 de
985 993 1150 1085 virgine
1172 1002 1308 1086 natus,

352 1153 430 1222 quc
458 1129 573 1202 locus
601 1133 796 1216 01·natu1·,
827 1134 1086 1217 quesanctus
1109 1128 1205 1220 jure
1246 1151 1310 1200 vc·

406 1267 538 1334 catur.

379 1395 445 1468 Hic
472 1395 557 1468 vidit
585 1395 719 1484 scalam,
749 1398 785 1464 et
813 1395 846 1472 iu
874 1394 1007 1466 titulum
1036 1395 1142 1467 erexit
1153 1399 1189 1467 et
1204 1416 1308 1467 aram.

298 1531 331 1602 A
360 1529 482 1600 dextro
510 1549 592 1602 vere
622 1528 728 1599 latere
757 1522 895 1625 (locus),
924 1527 980 1598 ubi
994 1528 1134 1615 angelus
1151 1529 1309 1619 apparuit

298 1663 493 1734 Zachariae.
533 1661 583 1732 lbi
611 1661 728 1732 subtus
756 1667 807 1731 est
827 1660 968 1732 confixis
998 1656 1200 1752 (confessio),
1231 1661 1309 1733 olim
1369 1650 1371 1653 ’

299 1802 412 1869 sancta
449 1800 657 1884 sanctarum,
700 1793 757 1865 ubi
791 1793 953 1866 Dominus
981 1794 1103 1866 dimisit
1130 1794 1310 1888 peccatrici

299 1927 530 2020 deprehensae
558 1929 593 1998 in
620 1927 806 1998 adulterio:
1304 1929 1315 1936 “

223 2137 225 2141 ,
351 2061 535 2134 Absolve
562 2066 711 2150 gentes

352 2196 495 2268 cerdis
523 2195 678 2268 crimen
706 2192 915 2266 facientes
944 2192 1131 2286 (fatentes).

380 2330 428 2400 Et
456 2329 503 2402 ibi
531 2329 749 2400 annunciatus
776 2334 911 2399 sanctus
939 2328 1112 2400 iohannes
1139 2327 1307 2419 Baptista,

297 2468 332 2535 et
359 2462 405 2534 ibi
435 2466 485 2533 est
513 2462 682 2562 columna,
721 2483 819 2551 quam
848 2462 1016 2533 sarraceni
1044 2460 1248 2552 adorabant,
1277 2460 1310 2533 in

297 2616 361 2688 qua
380 2592 503 2666 dicitur
531 2616 603 2665 esse
631 2616 720 2684 ara,
751 2595 808 2666 ubi
836 2596 1044 2666 Abraham
1074 2595 1182 2668 veluit
1207 2596 1313 2669 sacri·

296 2726 399 2800 ficare
438 2724 542 2797 filium
570 2749 674 2799 suum.
730 2728 778 2799 Et
807 2734 858 2800 est
886 2728 989 2801 etiam
1019 2729 1220 2818 ecclesia,
1257 2726 1312 2802 ubi

296 2866 464 2936 sanctus
498 2860 521 2932 J
528 2861 687 2933 acubus
721 2860 960 2952 praecipitatus
994 2861 1056 2932 fuit
1098 2862 1139 2934 de
1177 2863 1311 2952 temple.

294 2993 344 3065 Et
379 2994 457 3066 inde
493 3001 587 3066 extra
620 3016 751 3066 murum
787 2994 903 3084 templi
944 3001 993 3066 est
1029 2995 1194 3084 quaedam
1230 3015 1312 3068 aura

297 3127 356 3218 (ar
368 3129 420 3219 a),
470 3129 565 3220 juxta
624 3150 722 3218 quam
777 3128 841 3198 fuit
890 3128 1084 3199 interfectus
1138 3134 1311 3201 sanetus

297 3261 532 3333 Zacharias.
591 3261 644 3333 Ab
676 3261 817 3333 introitu
845 3262 921 3331 atrii
950 3263 1069 3351 tempii
1098 3268 1150 3335 111
1184 3268 1311 3352 perta

297 3395 499 3485 speciosa.

376 3527 430 3598 Ex
477 3528 541 3599 alic
586 3529 693 3600 latere
737 3534 787 3599 est
829 3529 1028 3617 templum
1069 3529 1309 3602 Salomonis.

296 3664 390 3736 Inter
427 3660 588 3753 ternplum
627 3666 662 3732 et
703 3683 841 3737 auream
879 3669 1014 3755 partam
1050 3669 1130 3737 sunt
1158 3665 1308 3741 arbores.
