2782 4290
287 676 393 742 ΙΧΙΠ.
432 676 614 754 Damascus,
643 676 815 755 Nazareth,
839 680 957 758 chana,
983 682 1096 749 habor.

280 867 534 956 Confestimque
577 867 626 936 illi
667 887 744 938 cum
782 869 922 941 licentia
966 871 1120 944 levantes
1161 895 1208 963 se,

197 1006 421 1092 perrexerunt
454 1001 488 1069 in
521 999 762 1075 Damascum
798 1006 934 1072 eentum
959 1004 1133 1094 milliaria,
1172 1010 1209 1078 et

197 1138 335 1206 sanetus
362 1134 513 1204 Ananias
540 1134 721 1223 requiescit
748 1135 805 1206 ibi.
860 1134 947 1207 Illud
976 1142 1028 1208 est
1055 1139 1089 1208 in
1117 1143 1211 1211 terra

197 1266 318 1358 Syn'm,
375 1267 427 1338 lbi
461 1270 560 1338 erant
594 1287 696 1337 unam
733 1267 990 1340 hebdomadam.
1015 1362 1018 1369 Ι
1047 1269 1095 1342 Et
1132 1271 1211 1343 inde

197 1408 275 1472 sunt
304 1401 369 1472 uuo
396 1400 516 1504 millia,
546 1399 604 1471 uei
631 1399 697 1471 fet
725 1401 883 1491 ecclesa,
927 1408 972 1474 et.
988 1403 1022 1473 en
1050 1404 1108 1475 mo
1135 1384 1211 1476 1000

194 1534 340 1624 primum
368 1553 552 1604 conversus
581 1537 633 1604 est
660 1532 797 1623 Paulus,
828 1539 864 1606 et
880 1534 1042 1608 Dominus
1070 1536 1152 1608 dixit
1164 1537 1208 1609 ad

195 1669 305 1739 illum:
340 1664 457 1756 Saule,
486 1662 604 1754 Saule,
634 1665 720 1757 quid
735 1669 1040 1760 maperseqoeris?
1068 1674 1105 1742 ot
1131 1668 1211 1742 reli·

197 1823 273 1892 qua.
313 1800 364 1873 Et
389 1799 457 1871 illia
483 1803 622 1871 orantes
649 1800 869 1874 ambulabant
895 1801 930 1872 in
957 1800 1157 1893 Galilaeam‚
1174 1804 1209 1874 in

195 1936 290 2006 illum
317 1935 438 2024 locum,
468 1933 525 2006 ubi
539 1931 679 2006 Gabriel
706 1933 851 2024 primum
870 1936 963 2007 venit
989 1937 1035 2008 ad
1059 1941 1208 2010 sanctam

195 2069 341 2140 Maniam
369 2074 403 2140 et
430 2067 530 2141 dixit:
565 2063 642 2138 Aoo
669 2064 806 2155 Morio,
836 2069 1036 2159 etreliqua.
1079 2070 1128 2142 lbi
1154 2072 1208 2142 est

193 2223 282 2273 nuno
310 2201 463 2274 ecclesia.
519 2200 567 2271 Et
592 2200 650 2272 ille
678 2201 789 2290 vicus,
817 2200 852 2271 in
881 2221 948 2290 quo
977 2207 1029 2274 est
1057 2202 1207 2291 ecclesia,

193 2341 245 2408 est
271 2333 499 2406 Nazareth.
536 2332 633 2405 illam
667 2333 845 2406 ecelesiam
858 2335 1029 2406 chnistiani
1056 2334 1208 2407 homines

192 2490 294 2561 saepe
322 2469 562 2559 comparabant
588 2487 611 2538 a
636 2467 776 2557 paganis
803 2468 1009 2557 sarracenis,
1041 2468 1131 2559 quod
1157 2468 1206 2540 illi

192 2603 354 2675 volebant
382 2623 458 2674 eam
485 2585 672 2674 destruere.
728 2599 776 2672 Et
801 2600 849 2672 ibi
878 2601 1024 2673 Domino
1052 2623 1089 2673 se
1117 2621 1207 2674 oom-

191 2736 390 2809 mendantes
427 2735 687 2808 ambulaverunt
729 2734 826 2823 inde,
870 2740 906 2807 et
951 2735 1132 2808 veniebant
1172 2735 1206 2806 in

190 2870 306 2941 villam
332 2866 528 2961 Chanam,
558 2868 614 2940 ubi
629 2867 795 2941 Dominus
822 2864 1108 2960 aquasin'vinum
1128 2889 1207 2940 eon-

191 3004 305 3074 vertit.
362 3002 436 3074 illie
462 3008 515 3075 ost
542 3002 686 3075 eeclesia
712 3021 844 3092 magna,
875 3007 910 3073 et
926 3001 960 3072 in
986 3001 1045 3072 illa
1064 3001 1206 3073 eeclesia

189 3140 258 3208 stat
291 3135 399 3208 altare
437 3156 541 3207 unum
574 3135 616 3207 do
649 3156 707 3207 sex
740 3135 885 3225 hydn‘is,
925 3155 1007 3226 quas
1045 3134 1207 3208 Dominus

184 3271 336 3362 jusserat
368 3270 510 3361 implere
545 3289 652 3360 aqua,
683 3273 719 3339 et
750 3269 785 3340 in
826 3268 942 3339 vinum
968 3290 1089 3341 versae
1116 3273 1203 3357 sunt,

189 3408 224 3475 et
264 3403 308 3476 de
347 3402 406 3474 illo
446 3402 776 3475 communicauerunt
818 3402 908 3472 vino.
967 3401 1079 3474 Unum
1116 3401 1204 3473 ffiem

185 3537 325 3609 fuerunt
350 3535 435 3608 illio.
475 3535 524 3607 Et
549 3535 629 3609 inde
657 3540 840 3627 pergentes
855 3539 1020 3608 venerunt
1048 3534 1092 3607 ad
1110 3553 1204 3604 mon·

188 3673 259 3741 tem
286 3667 440 3760 Tabae,
468 3667 525 3743 ubi
551 3667 717 3742 Dominus·
741 3666 1001 3757 transfiguratus
1035 3671 1096 3739 est.
1151 3664 1205 3738 lbi
