2782 4290
314 440 376 505 122

179 604 183 611 ¹
312 623 443 694 oblatus
468 620 579 711 fuisse,
609 629 648 694 ut
673 622 920 699 demonstratur
946 627 981 696 in
995 626 1130 716 pictura
1158 627 1196 695 et
1207 643 1323 713 super-

313 756 505 845 scriptione,
537 777 623 846 quoe
652 759 728 831 talis
756 764 825 831 est:

365 888 442 961 Hic
490 888 573 960 fuit
619 891 783 964 oblatus
834 913 905 965 rex
958 912 1103 981 regum
1152 890 1321 980 virgine

418 1026 561 1114 natus,
704 1047 707 1054 ·

367 1160 630 1247 quapropter
667 1165 830 1232 sanctus
870 1160 984 1232 locus
1024 1164 1087 1232 est
1123 1159 1192 1232 hic
1225 1159 1323 1250 jure

420 1296 604 1371 vocotus,
747 1281 750 1290 ’

365 1424 441 1494 Hic
472 1423 605 1498 Jacob
644 1427 798 1499 scolam
837 1426 960 1517 vidit,
1005 1426 1246 1501 construxit
1285 1429 1324 1498 et

420 1579 543 1629 arem.

367 1691 475 1764 Hinc
515 1693 630 1765 locus
671 1698 858 1786 otnatur,
904 1716 982 1786 quo
1019 1698 1191 1768 sauctus
1228 1692 1323 1784 jure

422 1832 605 1900 vocatur.

349 1972 352 1980 “
398 1961 496 2052 Quod
522 1981 604 2032 vero
632 1960 754 2033 ibidem
781 1962 815 2033 in
842 1963 954 2055 lupide
984 1962 1104 2035 codem
1131 1960 1240 2034 Jacob
1269 1960 1325 2032 de·

314 2097 464 2189 pingitur
491 2099 594 2185 caput
619 2095 780 2185 posuisse,
810 2096 943 2186 quondo
972 2095 1142 2169 dormiens
1156 2094 1244 2167 vidit
1259 2115 1326 2168 sou·

314 2233 381 2302 lom
407 2231 443 2303 in
469 2230 599 2302 coelum
621 2235 821 2321 porrectum,
849 2251 912 2321 per
939 2251 1039 2322 quam
1066 2229 1180 2319 angeli
1213 2249 1326 2303 ascen-

316 2366 439 2436 derunt
474 2369 509 2435 et
544 2362 804 2455 descenderunt,
843 2365 936 2438 salvo
971 2364 1088 2453 templi
1120 2362 1324 2452 reverentia,

316 2520 384 2569 non
412 2518 529 2579 verum
557 2501 624 2568 est:
652 2496 710 2569 ubi
737 2502 774 2571 et
801 2498 857 2569 hic
885 2520 1002 2571 versus
1029 2498 1207 2587 appositus
1235 2501 1303 2570 est:

369 2630 480 2702 Haeo
520 2635 592 2702 tua
635 2631 692 2703 sit
737 2636 856 2704 terra
895 2630 1035 2705 Jacob
1070 2651 1156 2706 cnm
1206 2631 1326 2721 prole

424 2766 441 2838 f
445 2770 576 2836 utura.
739 2857 742 2863 .

399 2900 467 2974 Sed
494 2899 558 2972 hoc
583 2921 649 2971 non
684 2919 725 2972 eo
752 2899 829 2970 loco
858 2898 994 2987 accidit,
1030 2895 1091 2971 sed
1117 2897 1221 2986 longe
1248 2897 1326 2970 olibi

318 3038 360 3110 od
400 3034 684 3126 Mesopotamium
726 3032 833 3122 eunti,
880 3032 1005 3105 sedicet
1038 3030 1136 3122 juxto
1167 3017 1329 3124 niujorem

317 3169 576 3243 Mehumeniam.

397 3306 438 3376 In
464 3303 590 3394 templo
618 3301 774 3375 liberavit
802 3299 968 3373 Dominus
994 3303 1109 3371 noster
1144 3298 1330 3374 adulteram

318 3441 360 3512 ab
390 3436 628 3528 ammantibus,
658 3436 789 3508 dicens:
826 3433 894 3522 ooo·
911 3433 986 3506 sine
1006 3437 1148 3524 peccato
1175 3437 1328 3522 estete,

318 3573 374 3664 qui
402 3573 506 3644 etiam
532 3572 598 3643 illis
626 3567 881 3643 aeneatoribus
906 3567 1094 3640 tacentibus
1117 3572 1153 3641 et
1182 3566 1330 3642 exeunti-

320 3709 382 3784 bus
409 3705 508 3778 dixit:
543 3702 689 3794 Mob'oo,
717 3702 806 3775 code
832 3701 870 3774 io
890 3723 997 3794 poco,
1026 3702 1158 3791 etjam
1184 3699 1332 3794 ampotis
