2782 4290
1139 378 1221 446 lte.

241 565 350 636 Hinc
379 563 571 636 exaltata
597 563 742 644 coeloe¹
766 562 877 655 petit
903 561 1125 652 inviolata,

242 718 343 789 spes
393 697 673 788 captivorum,
739 697 821 786 via,
871 697 940 768 lux
987 701 1026 766 et
1067 700 1204 767 mater

299 851 448 903 eorum.
567 879 570 882 >

273 959 458 1037 Benedicta
495 983 639 1054 corpore
675 964 832 1053 absente,
872 963 965 1054 quia,
1002 967 1040 1035 ut
1071 961 1202 1053 dieitur,
1251 969 1252 974 ’

182 1101 286 1194 juxta
303 1118 432 1170 morem
455 1097 680 1170 hebraeorum
698 1099 787 1169 iutra
805 1101 961 1168 octauum
979 1095 1068 1168 diem
1095 1101 1204 1168 trans·

186 1235 255 1306 itus
292 1231 429 1304 visitato
469 1237 504 1303 et
544 1232 698 1323 inspecto
732 1229 929 1322 sepulchro,
975 1251 1095 1321 corpus
1133 1230 1205 1322 ejus

187 1388 259 1440 non
299 1370 352 1438 est
377 1368 564 1455 repertum.
635 1364 734 1438 Unde
774 1369 811 1436 et
843 1366 900 1457 pie
933 1363 1099 1455 ereditur,
1138 1383 1205 1436 non

187 1503 321 1572 tantum
354 1497 515 1590 animam,
553 1498 614 1571 sed
650 1499 752 1570 etiam
779 1519 901 1590 cerpus
935 1498 1008 1589 ejus
1034 1490 1205 1570 a'dileeto

187 1633 260 1706 filio
287 1651 349 1705 suo
378 1651 455 1703 cum
481 1631 725 1722 glorificatione
757 1631 860 1704 fuisse
888 1636 1088 1723 assumtum‚·
1114 1631 1205 1722 quod

188 1773 304 1840 tamen
338 1765 567 1856 Hieronymus
604 1766 718 1857 potius
757 1766 973 1857 haesitanda,
1013 1786 1114 1856 quarn
1152 1787 1206 1838 ae·

190 1899 337 1975 serendo
373 1898 510 1971 videtur
546 1899 686 1973 innuere
718 1900 753 1972 in
786 1902 845 1973 illa
878 1901 1040 1991 epistula:
1074 1898 1206 1989 Gogitis

189 2056 255 2126 me,
286 2053 307 2104 ο
334 2032 442 2105 Paula
469 2038 506 2107 et
532 2031 752 2106 Eustochium
779 2040 842 2106 etc.
895 2032 1065 2124 Quidquid
1092 2039 1205 2105 autem

190 2169 232 2241 de
261 2166 328 2240 heu
360 2166 424 2257 sit,
463 2188 524 2240 nos
557 2168 739 2260 eredimus,
774 2169 911 2240 beatam
939 2168 1104 2256 virginem
1132 2166 1204 2238 Ma·

177 2288 276 2374 ‘riam
304 2322 346 2374 ex
372 2301 438 2374 hec
460 2301 544 2393 solo,
573 2301 665 2394 quud
691 2301 813 2375 meruit
840 2322 936 2374 suum
953 2305 1091 2391 portare
1112 2320 1205 2372 creua

188 2442 317 2524 torem,
352 2433 489 2524 dignam
516 2433 590 2509 fore
618 2437 708 2508 omni
735 2436 864 2509 honore
892 2440 929 2508 et
954 2433 1204 2507 beatificatione

188 2591 257 2642 nun
285 2573 416 2641 tantum
442 2570 478 2641 in
504 2570 631 2661 anima,
667 2569 728 2644 sed
763 2572 868 2644 etiam
902 2570 937 2640 in
970 2590 1130 2661 corpere,
1170 2573 1204 2640 et

189 2703 296 2776 filium
323 2725 420 2776 suum
447 2725 574 2777 summe
600 2704 801 2778 benevolum
829 2709 866 2777 et
883 2724 1010 2776 summe
1033 2707 1206 2796 potentem
1264 2680 1267 2684 ¹

188 2837 222 2909 id
249 2804 341 2910 velle
370 2843 405 2910 et
431 2859 540 2931 pesse.
597 2837 795 2910 Honoratur
823 2859 956 2930 quoque
990 2841 1027 2911 et
1061 2856 1203 2909 venera-

189 2977 243 3044 tur
272 2972 394 3045 eadem
428 2973 502 3064 ejus
538 2971 711 3064 sepultura
752 2973 886 3045 ratione
922 2971 1096 3064 cujusdam
1129 2978 1206 3044 edn-

190 3107 301 3197 uitii,
341 3105 386 3177 ad
423 3105 673 3179 similitudinem
705 3105 1000 3197 honorificentiae,
1031 3126 1119 3196 quae
1150 3125 1205 3178 se-

191 3232 332 3332 pulchro
361 3239 476 3312 dilecti
502 3237 563 3310 filii
590 3241 642 3312 sui
670 3238 857 3313 exhibetur.
899 3241 939 3311 In
952 3240 1097 3312 introitu
1118 3239 1205 3330 ejus-

195 3374 268 3446 dem
297 3377 437 3466 cryptae
464 3373 541 3445 talis
567 3372 699 3466 pictura
726 3378 762 3444 et
787 3374 952 3465 scriptura
980 3373 1145 3444 cernitur:

241 3507 465 3582 Haeredes
503 3507 634 3597 vitae,
673 3507 893 3580 Dominum
932 3505 1105 3578 laudare
1139 3523 1205 3575 ve·

296 3641 403 3733 nite,
