2782 4290
1132 396 1197 464 103

184 577 237 650 Ibi
270 576 367 666 pueri
400 575 553 648 tulerunt
587 595 716 665 remon,
755 576 887 666 quando
914 577 1079 650 Dominus
1107 548 1197 651 sedit

184 731 290 799 super
316 710 454 798 asinam,
485 714 519 780 et
545 709 591 780 ibi
615 709 713 800 juxta
749 711 910 800 templum
939 710 1135 802 Salomonis,
1163 687 1198 784 in

185 843 313 933 angulo
329 842 485 929 civitatis,
506 846 557 915 est
572 827 760 913 cubiculum
775 841 1014 939 (cunabula)
1030 840 1197 935 Christi,

184 978 313 1049 lectum
345 976 520 1064 genitricis
556 981 592 1046 et
625 975 797 1068 balneum,
834 983 870 1048 et
905 974 950 1048 ibi
988 982 1040 1050 est
1066 977 1200 1068 sepul-

185 1112 329 1183 chrum
357 1109 497 1181 sancti
526 1108 744 1183 Simeonis.

269 1243 399 1315 Contra
434 1242 616 1332 orientem,
648 1242 746 1334 juxta
780 1245 959 1335 templum,
997 1251 1048 1317 est
1075 1251 1200 1342 porto

185 1378 361 1470 (aurea).
409 1377 464 1448 Ab
496 1376 652 1468 aquilone
688 1382 740 1448 est
773 1378 996 1468 probatica
1023 1379 1197 1469 piscina,

184 1519 221 1584 e't
249 1511 295 1583 ibi
311 1531 429 1602 ,prope
458 1515 509 1582 est
535 1515 681 1583 sancta
708 1510 825 1583 Anna
854 1518 887 1584 et
903 1518 1027 1603 puteus
1054 1514 1121 1604 ille,
1143 1514 1200 1586 ubi

184 1646 360 1738 peregrini
388 1645 525 1717 vadunt.
582 1642 688 1717 Juxta
720 1652 870 1718 sanctam
898 1634 1031 1719 Annam
1059 1652 1111 1720 est
1138 1668 1201 1737 eof
1253 1664 1256 1672 '

185 1780 322 1852 clesia
369 1784 541 1852 sauctae
580 1777 744 1851 Mariae
789 1781 1077 1870 Magdalenae.
1143 1780 1198 1852 Ab

185 1914 345 2006 aquilone
382 1913 481 2004 juxta
517 1912 691 1994 ecclesiam
728 1914 899 2005 sepulchri
934 1921 985 1987 est
1018 1915 1201 1988 ecclesia

185 2047 321 2120 sancti
350 2045 513 2118 Karitotii
536 2043 823 2142 (charitonis).

270 2179 328 2251 Ad
361 2178 537 2252 meridiem
564 2185 617 2252 est
644 2202 757 2253 mons
786 2180 897 2271 Sion,
934 2181 991 2253 ubi
1019 2180 1201 2252 ecclesia

185 2318 337 2390 formosa
363 2314 399 2386 in
426 2312 554 2385 honore
583 2319 754 2386 sanctae
783 2314 942 2387 Mariae
969 2313 1109 2386 fundata
1136 2318 1200 2403 est,

185 2452 220 2521 in
249 2469 318 2542 qun
346 2450 448 2522 etiam
474 2447 634 2535 migravit
661 2448 705 2519 au
732 2448 871 2538 coelum,
912 2448 1006 2540 cujus
1032 2449 1201 2520 sanctissi-

186 2605 279 2656 mum
314 2604 432 2674 corpus
465 2583 499 2653 iu
534 2581 656 2653 vallem
689 2580 855 2670 Josaphat
890 2586 943 2652 est
978 2581 1201 2672 deportatum

185 2718 217 2790 A
247 2717 385 2790 sinistro
413 2717 520 2788 latere
548 2707 638 2787 illius
666 2718 718 2787 cst
745 2717 882 2806 capella,
912 2716 970 2787 ubi
997 2715 1060 2789 fuit
1087 2736 1202 2805 prae-

185 2853 346 2924 torium
381 2856 416 2922 et
451 2846 643 2945 (Christus)
676 2849 865 2940 judicatum
906 2870 927 2919 a
963 2849 1080 2922 dextro
1120 2871 1202 2922 vero

186 2988 295 3058 latere
325 2989 378 3056 est
405 2981 612 3072 Galilaea,
643 2982 700 3055 ubi
716 2966 881 3055 Dominus
898 2985 1057 3073 apparuit
1075 2983 1202 3055 Simoni

189 3124 223 3192 ct
245 3117 457 3190 mulieribus.
508 3115 646 3189 Sursum
669 3116 767 3208 juxta
792 3117 930 3190 chorum
958 3123 1018 3208 est,
1050 3090 1106 3188 ubi
1135 3118 1201 3208 spi-

188 3255 274 3326 ritus
302 3255 437 3325 sanctus
466 3250 639 3321 descendit
672 3270 772 3339 super
800 3251 990 3341 apostolos,
1022 3251 1118 3322 etin
1147 3270 1202 3322 ea·

191 3387 265 3461 dem
294 3386 435 3458 ecclesis
463 3390 516 3457 est
542 3383 667 3475 tabula,
697 3404 797 3475 supra
825 3405 924 3475 quam
939 3383 1092 3456 Christus
1121 3403 1200 3454 coe-

170 3523 300 3612 navit,
338 3518 472 3611 quando
510 3519 608 3592 dixit:
671 3515 827 3610 Accipite
861 3523 892 3589 ol
927 3516 1103 3603 comedite,
1142 3513 1203 3589 loc

193 3660 238 3728 est
277 3675 402 3747 corpus
440 3673 562 3744 meum.
631 3650 680 3724 Et
718 3652 854 3726 inferius
895 3656 946 3723 est
991 3651 1099 3740 locus,
1147 3649 1202 3722 ubi
