2782 4290
318 368 361 443 46

317 702 460 769 XXXIII.
516 703 629 781 liemo3
666 717 770 767 eoram
810 718 896 785 popa
926 701 1147 786 peregrinatio
1183 703 1329 771 breviter

700 809 945 893 perstringitur.

397 1079 478 1151 Post
504 1078 589 1152 haec
614 1081 728 1169 itaque
757 1086 835 1152 tune
863 1082 1050 1172 presbyter,
1080 1080 1149 1181 qui,
1179 1080 1222 1154 de
1249 1082 1329 1155 His·

317 1215 419 1304 parda
446 1214 595 1304 veniere,
632 1215 676 1284 ad
704 1214 863 1286 Sanctum
889 1215 1111 1287 Benedictum
1139 1214 1185 1285 ibi
1213 1237 1329 1288 mene-

317 1348 392 1438 bat,
434 1348 605 1419 licentiam
644 1349 790 1437 rogabat
831 1348 990 1421 abbatem
1027 1349 1251 1427 Petronacem
1286 1351 1329 1423 ad

318 1482 459 1554 Romam
486 1502 641 1573 pergere.
685 1481 873 1572 Statimque
889 1482 955 1574 ille,
985 1483 1124 1555 licentia
1142 1483 1328 1573 postulata,

317 1618 462 1706 regebat
476 1613 716 1706 Willibaldum,
745 1622 783 1686 ut
811 1637 884 1688 cum
912 1637 953 1688 eo
980 1624 1144 1708 pergeret
1172 1623 1209 1692 et
1236 1620 1329 1693 illum

316 1751 457 1822 duceret
484 1749 527 1820 ad
555 1754 706 1821 sanetum
733 1750 880 1823 Petrum.
930 1750 977 1822 Et
1009 1753 1066 1825 ille
1094 1755 1211 1826 stetim
1239 1755 1328 1844 peti·

318 1884 464 1960 tionibus
493 1885 566 1976 ejus
595 1905 791 1956 consensum
818 1905 877 1956 seu
912 1883 1065 1957 effectum
1091 1888 1325 1978 promittebat.

320 2017 471 2108 Cumque
499 2018 547 2088 illi
562 2023 756 2109 pergerent,
784 2018 1003 2090 adRomam
1030 2027 1195 2095 venerunt
1210 2027 1324 2112 atque,

317 2152 405 2224 illico
433 2153 604 2227 basilicam
638 2154 747 2225 sancti
773 2153 868 2225 Petri
901 2153 1084 2244 intrantes,
1127 2175 1223 2227 sacra
1250 2177 1327 2229 eoe-

316 2287 409 2359 lestis
446 2287 650 2360 clavicularii
677 2289 934 2378 postulaverunt
973 2288 1143 2378 praesidia
1169 2289 1326 2383 illiusque

316 2442 352 2492 se
381 2421 658 2496 commendabant
683 2422 738 2512 pio
759 2443 898 2514 precum
925 2423 1112 2510 patricinio
1154 2423 1249 2495 Tunc
1270 2424 1326 2499 ille

315 2575 411 2626 sacer
458 2554 660 2645 apostolicae
700 2553 789 2626 sedis
831 2555 983 2645 pontifex
1021 2554 1205 2646 Gregorius
1251 2557 1325 2648 nu,

315 2686 543 2759 venerandum
564 2685 673 2757 virum
684 2685 913 2761 Willibaldum
930 2689 998 2760 illic
1015 2711 1087 2762 esse
1105 2692 1324 2783 comperiens

314 2819 491 2912 praecepit
525 2820 617 2891 illum
658 2821 701 2892 ad
737 2843 773 2893 se
807 2822 932 2894 venire.
987 2821 1137 2918 Cumque
1169 2825 1325 2899 1111616-

313 2955 418 3026 nisset
464 2953 507 3024 ad
545 2959 696 3026 sanctum
740 2956 859 3028 summi
897 2958 1082 3029 sacerdotii
1121 2958 1322 3049 pontificem,

314 3089 428 3160 statim
452 3109 561 3179 prono
580 3091 674 3162 vultu
702 3091 880 3163 interram
907 3112 943 3162 se
971 3092 1136 3180 vergebat
1164 3099 1201 3166 et
1229 3096 1321 3170 illum

313 3222 491 3299 salutabat.
540 3224 769 3314 Protinusque
797 3224 854 3294 ille
882 3226 958 3313 pius
983 3226 1187 3315 populorum
1207 3250 1323 3320 specu-

314 3355 400 3427 lator
426 3358 489 3448 piis
516 3360 698 3431 verborum
725 3358 1006 3431 vicissitudinibus
1029 3361 1160 3432 itineris
1189 3364 1242 3436 sui
1270 3384 1323 3435 or-

314 3467 424 3562 dinem
451 3494 655 3581 investigare
685 3493 799 3583 coepit
827 3493 868 3563 ab
896 3492 968 3564 illo:
1012 3495 1178 3584 quomode
1208 3503 1322 3588 septu-

310 3624 402 3714 plum
429 3646 591 3695 annorum
618 3626 782 3696 calculum
809 3627 841 3695 11
859 3629 1003 3699 extemis
1017 3628 1168 3701 terminis
1192 3631 1322 3704 telluris
