2782 4290
1087 411 1125 487 11

116 594 149 663 in
179 613 219 662 eo
241 592 315 681 jam
334 597 419 664 tnuu
441 591 560 663 ‚divina
580 591 717 681 spiritus
741 592 850 661 sancti
878 591 999 679 gratia,
1028 612 1127 681 quam

118 725 270 814 corporis
302 723 501 812 magnitudo
530 729 694 796 creverat
712 723 1010 800 autmembrorum
1036 724 1127 799 vale·

119 857 220 929 tudo:
248 862 408 946 totusque
431 857 504 948 jam
531 857 587 929 ille
615 857 649 927 in
675 856 752 940 Dei
768 876 918 929 amorem
933 878 1126 946 annuemus,

116 990 369 1078 maeqnamentis
396 989 555 1062 diuturna
581 989 798 1063 meditatione
813 989 990 1062 tmotando
1010 1011 1126 1074 mona,

116 1123 267 1203 sterialia
309 1122 548 1196 moderationis
586 1122 809 1225 instrumenta
850 1122 1126 1214 monachalisque

115 1256 205 1327 vitae
232 1256 458 1329 monarchiam
491 1256 526 1326 in
555 1254 669 1327 abdita
702 1255 823 1328 mentis
850 1255 1043 1347 quietudine
1071 1256 1126 1339 dio

114 1395 283 1479 noctuque
322 1389 463 1470 sollicite
490 1389 685 1475 volutabat,
729 1387 895 1479 quomodo
927 1389 1061 1461 illorum
1087 1409 1126 1461 ae

117 1523 385 1610 interoopnlaret
435 1527 526 1594 easta
572 1521 809 1601 monachorum
857 1521 1027 1611 clientela,
1066 1524 1126 1599 ant

115 1655 258 1744 qualiter
295 1655 429 1727 illorum
465 1654 585 1727 faustis
618 1649 781 1726 interfore
814 1653 926 1758 possit
949 1654 1125 1738 familiaris

116 1788 216 1870 vitae
232 1787 421 1880 disciplinia

296 2119 349 2186 VI.
384 2119 608 2203 Peregrinatio
631 2121 665 2186 in
689 2121 822 2187 mentem
844 2120 945 2188 vonit.

192 2309 358 2412 Cumque,v
380 2308 449 2392 ista
463 2320 600 2395 sedulae
614 2322 704 2395 intra
730 2323 852 2397 mentis
879 2321 1122 2393 volubilitatem

114 2456 271 2544 volvens,
315 2459 461 2525 tractare
499 2456 629 2545 eoepit,
676 2455 819 2546 qualiter
860 2456 924 2527 ista
962 2453 1122 2541 cogitatio

113 2588 342 2683 depromereri
382 2587 596 2679 proferrique
631 2590 756 2680 poterit
792 2589 827 2661 in
863 2588 1035 2674 erorum,
1085 2592 1123 2659 ut

113 2721 240 2804 caduca
266 2727 390 2795 cuncta
415 2721 519 2793 msmi
531 2720 629 2794 istius
640 2729 856 2797 contemnere
883 2723 955 2795 sive
978 2721 1124 2802 derelin-¹

116 2874 218 2944 quere
247 2855 373 2945 quiret,
401 2860 438 2929 et
466 2876 536 2927 non
561 2854 669 2929 solum
681 2856 886 2946 temporales
911 2862 1126 2941 terrenarum

114 3007 227 3070 rerum
252 2987 404 3078 dvitiae,
442 2987 504 3062 sed
538 2994 573 3061 et
598 2990 742 3079 pamm
771 2995 809 3067 et
835 2995 993 3078 parentes
1019 2995 1125 3079 etque

40 3135 42 3139 ’
114 3121 538 3211 propinquorumque,
582 3122 945 3212 peregrinationisque.
992 3129 1126 3206 tentare

112 3254 270 3337 tellurem
296 3259 334 3329 et
358 3254 473 3343 ignote
487 3255 693 3330 exteriorum
708 3255 882 3350 requirere
908 3277 999 3346 rura,
1029 3277 1122 3329 oum·

113 3408 197 3479 qne,
232 3387 635 3490 aliquantatempornm.
657 3389 914 3480 intercapedine
937 3394 1124 3478 transacta,

110 3523 167 3606 ille
189 3522 274 3612 iam,
302 3525 380 3612 post
396 3519 598 3595 inmunes
622 3523 700 3614 [ejus
719 3522 955 3605 oblectationis
972 3522 1125 3606 ‚ludicras
1247 3556 1252 3566 ·

112 3653 663 3758 alumnumalumnum
693 3655 865 3759 larrium,
883 3655 1126 3741 tileobrono
