2782 4290
447 1270 560 1350 Noton
587 1290 634 1346 zu
663 1268 848 1346 lohannes
880 1265 1207 1367 wirziburgensis.

393 1472 600 1553 Descriptio
619 1472 650 1529 Τ.
669 1472 705 1543 S]
725 1488 776 1526 nur
793 1473 824 1525 B.
848 1504 882 1512 -
901 1469 1072 1541 Epistola]
1087 1469 1119 1534 Τ,
1142 1469 1223 1523 dsfhr
1239 1486 1332 1538 poree·

323 1570 406 1633 mium
418 1569 441 1624 B
454 1571 490 1634 Μ,
505 1570 544 1624 dr.
572 1601 605 1608 -
627 1570 903 1640 wirziburgensi]
918 1569 948 1633 T,
967 1567 1168 1633 wuroburgensi
1180 1567 1213 1626 B.
1231 1566 1333 1620 bimen-

323 1668 451 1745 burgeusi
469 1669 506 1725 M.
527 1644 559 1707 -ᾗ
578 1666 747 1738 Diotrioo]
768 1667 798 1731 Τ,
817 1667 864 1732 dr,
886 1666 991 1720 Diotrio
1009 1664 1041 1730 B,
1065 1665 1169 1719 Iderieo
1190 1666 1226 1718 Μ.
1262 1650 1333 1717 siber

322 1764 458 1819 Dietrious
477 1783 498 1819 s.
512 1765 667 1820 Theoderio.
689 1767 737 1819 141
752 1766 777 1818 ff.
802 1765 872 1834 Sepp
891 1765 975 1818 neunt
993 1763 1084 1816 diesen
1102 1762 1235 1830 gerudezu
1248 1759 1332 1815 Theo·

323 1861 414 1917 derieh
427 1880 478 1918 von
490 1864 647 1931 Wi'rrzburg.
666 1894 700 1903 —-
718 1881 784 1917 non
801 1863 939 1917 videbis
957 1861 1135 1932 corporeo]
1154 1877 1227 1925 mss,
1245 1857 1331 1912 videre

324 1978 377 2014 non
394 1961 497 2031 poteris
515 1961 553 2015 dr,
596 1962 681 2017 Untor
704 1961 763 2015 dem
787 1960 906 2014 naohher
929 1959 1085 2013 erwithnten
1107 1957 1164 2010 viro
1189 1955 1331 2011 reverendo

325 2058 430 2113 soheint
452 2058 548 2113 Areuls
576 2058 640 2113 oder
669 2058 744 2114 Beda
767 2058 934 2114 Venerabilis
960 2056 1121 2111 verstandon
1147 2072 1181 2109 zu
1208 2055 1275 2109 seim
1298 2082 1332 2094 -

324 2155 420 2209 intra
440 2156 562 2228 muros]
581 2156 798 2222 olr.,infre1mss.
835 2157 916 2210 Sonst
934 2155 1070 2210 ersohoint
1088 2153 1131 2208 <lie
1151 2153 1264 2224 epistol,
1288 2152 1333 2206 wie

234 2299 237 2304 .
325 2255 375 2319 gut
393 2255 462 2307 eiroh
480 2255 606 2321 gemeint,
625 2257 688 2310 sehr
705 2256 853 2325 gewunden
870 2253 926 2308 uml
945 2255 1028 2307 etwes
1046 2252 1196 2321 sehwierig.

399 2354 421 2404 1.
452 2353 593 2407 Domini
620 2357 670 2409 eto.
701 2355 749 2409 Do
776 2353 954 2408 Nazareth
982 2349 1165 2405 dictami:
1191 2350 1216 2402 A
1244 2347 1333 2418 Neu]

327 2446 348 2500 T
367 2447 399 2511 Β,
418 2448 450 2502 D.
469 2451 519 2505 oto.
539 2451 681 2507 (laetorum
699 2453 731 2506 de
749 2451 821 2517 Nan,
845 2451 911 2505 alies
935 2449 1059 2505 natalitia
1076 2446 1188 2502 Davidis
1206 2445 1288 2512 Urbe,
1306 2462 1335 2499 eo

326 2547 446 2614 tempore
470 2547 498 2601 in
523 2565 568 2602 ore
591 2549 728 2604 ferebatur
751 2550 902 2604 hominum:
925 2551 967 2604 De
989 2547 1054 2602 Nau.
1078 2546 1111 2600 K
1153 2544 1293 2599 llbsnfalls
1310 2542 1336 2597 in

328 2641 375 2696 der
384 2644 504 2712 Vulgata
522 2663 538 2698 e
556 2645 621 2700 Neu.
657 2647 711 2702 Mir
735 2648 786 2716 gilt
810 2649 887 2701 sonet
911 2646 980 2700 euoh
1001 2645 1045 2700 bei
1068 2645 1215 2710 erklarung
1238 2641 1336 2696 mittel-

328 2739 481 2796 alterlioher
499 2743 689 2800 sohriftsteller
706 2745 831 2810 dissolbe,
850 2762 889 2798 wo
908 2744 1039 2808 thunlioh,
1058 2743 1098 2796 als
1110 2740 1292 2796 riohtsohnur.
1304 2765 1336 2778 -·

327 2836 407 2891 boni
425 2841 511 2912 esse]
538 2841 571 2895 In
589 2843 640 2897 den
659 2861 722 2899 mss.
741 2844 810 2898 naoh
827 2843 852 2896 b.
872 2860 930 2898 esse
953 2841 1023 2895 fehlt
1047 2838 1206 2910 quasivero
1226 2853 1336 2906 magnae
1360 2893 1364 2899 ,

328 2936 356 2987 et
375 2939 484 2991 sanotae
503 2939 615 3006 enimes,
634 2959 695 3007 non,
714 2942 767 2997 nisi
784 2942 813 2996 in
831 2939 936 3009 magnis
955 2937 1066 2993 urbibus
1084 2938 1243 2992 nasceretur
1260 2935 1335 2990 dr.-

328 3031 406 3087 fons
425 3036 584 3107 exiguus]
608 3039 694 3106 Bm,
717 3039 761 3093 bei
774 3039 801 3114 Τ
832 3040 860 3092 et
882 3024 998 3093 eximius
1016 3034 1237 3103 hinengelliokt3
1264 3032 1337 3100 exig,

329 3131 377 3185 sed
395 3134 485 3189 temon
503 3136 615 3192 eximius
633 3138 667 3195 K.
702 3138 736 3193 In
747 3136 903 3191 Noumenns
920 3135 1023 3189 Innom.
1038 3133 1086 3188 VI.
1104 3134 1139 3187 32
1157 3149 1210 3186 nur
1222 3131 1337 3199 exiguus.

329 3261 365 3271 -
384 3235 418 3286 et
436 3235 540 3303 vulgo
560 3234 585 3290 d.
603 3236 630 3289 h.
649 3253 670 3289 s.
688 3233 836 3305 Domini]
857 3233 887 3299 T,
907 3249 957 3287 om.
975 3231 1053 3295 BM;
1072 3229 1136 3284 hino
1153 3231 1236 3298 vulgo
1255 3226 1338 3284 dieis

330 3329 417 3383 adhue
435 3331 514 3386 hodie
536 3333 611 3387 loeus
630 3351 643 3387 s
670 3333 702 3386 D.
721 3333 754 3386 K„
773 3363 807 3371 -
835 3330 1017 3403 sermonis]
1042 3329 1111 3384 nooh
1136 3327 1239 3382 diesem
1260 3327 1338 3380 worte

329 3426 356 3479 K
368 3426 449 3482 illius.
463 3460 497 3470 -
509 3431 603 3500 impr.
622 3429 810 3498 longolioo
829 3429 996 3500 elloquio]
1009 3443 1081 3493 mss,
1095 3443 1126 3480 ex
1139 3424 1338 3480 obumbratione

331 3541 351 3576 s.
371 3525 482 3594 spiritus
500 3530 535 3584 od
553 3528 702 3596 engolioe'm
721 3515 911 3582 salutationem
930 3526 1054 3597 oonoepit
1070 3525 1108 3579 im
1126 3524 1166 3578 dr.
1186 3523 1271 3577 -'in
1289 3521 1337 3576 (lie

217 3635 220 3640 ·
333 3625 484 3680 saneti..
509 3643 525 3679 a
550 3624 717 3695 surianis]
737 3624 758 3678 Τ
777 3623 809 3689 Β,
833 3624 941 3679 fehlend
964 3625 993 3678 M
1011 3624 1045 3678 K.
1080 3623 1118 3677 Es
1141 3621 1202 3690 gret
1224 3616 1337 3674 wirrlieb

332 3722 408 3776 mehr
425 3723 465 3776 als
484 3724 543 3778 eine
560 3723 660 3792 heilige
678 3722 795 3777 Maxima
818 3723 874 3777 und
898 3723 973 3778 mehr
998 3721 1038 3777 uls
1057 3720 1135 3776 einen
1152 3719 1179 3774 h.
1197 3719 1337 3779 Mmimms
