2782 4290
203 390 299 496 34⁵

202 632 378 702 mayuum,
415 616 451 683 θῖ
489 612 629 702 reliqua.
685 607 733 679 Et
770 608 848 680 inde
888 609 983 680 venit
1021 608 1056 678 in
1084 608 1216 682 Beth·

204 746 356 834 lehem,
387 746 445 816 ubi
473 744 636 816 Dominus
664 747 856 832 natusest,
892 747 1025 830 septem
1051 743 1216 815 milliariis

204 879 246 948 ab
275 877 475 950 Jerusalem.
531 877 591 949 Ille
625 878 731 967 luem,
760 876 817 947 ubi
845 873 995 946 Christus
1027 882 1124 948 natus
1153 882 1214 967 est,

103 992 106 1003 ¹
203 1012 372 1101 quondam
412 1010 475 1082 fuit
508 1011 670 1101 spelunea
701 1008 762 1082 sub
798 1015 914 1097 terra,
957 1014 993 1078 et
1034 1030 1123 1081 nunc
1163 1016 1215 1082 est

204 1144 436 1234 quadrangula
463 1144 582 1216 domus
600 1145 643 1215 in
673 1148 773 1233 petra
801 1143 929 1231 excisa,
967 1148 1000 1213 et
1037 1149 1091 1214 est
1121 1149 1215 1215 terra

202 1278 463 1368 circumquaque
484 1277 606 1350 effossa
621 1285 656 1348 et
670 1276 747 1347 inde
762 1277 924 1366 projecta.
954 1276 1004 1345 Εῖ
1032 1276 1079 1346 ibi
1107 1299 1211 1368 supra

201 1431 287 1481 nuuc
325 1417 376 1482 est
415 1410 590 1483 aedificata
629 1409 783 1481 ecclesia.
852 1408 901 1479 m
947 1409 1004 1480 ubi
1045 1411 1210 1484 Dominus

200 1549 300 1615 nutus
339 1550 407 1634 est,
447 1545 493 1616 ibi
525 1551 593 1615 stat
626 1564 727 1634 supra
760 1563 846 1614 nunc
873 1545 997 1634 altare,
1041 1550 1077 1617 et
1120 1546 1212 1617 uliud

200 1679 305 1749 altare
342 1679 450 1749 minus
485 1677 608 1748 factum
643 1684 695 1748 θεῖ
722 1676 815 1768 ide0,
852 1675 940 1766 quod
973 1678 1036 1766 illi,
1074 1680 1207 1767 quando

198 1813 316 1885 volunt
355 1812 401 1883 ibi
441 1812 529 1882 intus
572 1811 704 1882 missam
750 1809 921 1881 celebrare
963 1810 999 1880 in
1036 1812 1205 1904 spelunca,

199 1947 359 2017 tollentes
386 1945 468 2017 illud
496 1946 601 2017 altare
628 1945 745 2032 minus,
775 1948 910 2033 portant
936 1944 984 2014 ibi
1010 1945 1099 2018 intus
1126 1948 1209 2019 illud

199 2088 367 2171 tempore,
409 2081 541 2170 quando
589 2079 722 2150 missam
769 2077 959 2167 celebrant,
1005 2085 1041 2148 et
1085 2082 1209 2152 iterum

199 2217 316 2288 levant
342 2213 425 2285 illud
453 2215 553 2286 foras.
582 2213 658 2297 ‚llla
685 2212 835 2299 ecclesia,
864 2211 921 2282 ubi
936 2212 1097 2285 Dominus
1110 2222 1208 2287 natus

201 2354 261 2438 est,
291 2369 376 2439 quae
405 2349 451 2420 ibi
478 2369 580 2438 supra
608 2351 686 2436 εῖθῖ,
718 2351 769 2417 θεῖ
798 2345 1073 2418 insimilitudine
1101 2350 1208 2421 crucis

199 2480 392 2570 aedificata,
423 2481 570 2569 gloriosa
597 2479 724 2550 dumus.

255 2792 369 2862 XXIII.
400 2793 538 2870 Thema,
564 2794 658 2859 laura
681 2797 714 2862 οῖ
737 2798 963 2863 monasterium
985 2815 1011 2863 s.
1035 2799 1146 2864 Sabae.

278 3011 325 3081 Et
351 3012 398 3082 ibi
427 3016 561 3083 orantes
587 3014 774 3102 pergebant
800 3015 887 3110 inde,
918 3021 953 3088 et
982 3024 1149 3088 venerunt
1171 3018 1205 3088 in

197 3145 309 3215 villam
336 3166 505 3237 magnam,
536 3167 621 3236 quae
655 3155 799 3219 vocatur
826 3149 1008 3240 Thecua,
1038 3151 1081 3222 ad
1108 3152 1202 3223 illum

193 3279 313 3375 locum,
348 3281 407 3352 ubi
440 3282 585 3352 infantes
629 3282 796 3372 quondam
837 3285 937 3356 occisi
978 3284 1113 3357 fuerant
1154 3288 1197 3358 ab

195 3413 340 3486 Herode.
381 3413 430 3484 Εῖ
457 3417 503 3486 ibi
532 3422 583 3486 est
610 3436 697 3487 nunc
719 3418 869 3509 ecclesia,
899 3425 934 3490 θῖ
957 3419 1004 3489 ibi
1018 3419 1200 3510 requiescit

189 3568 273 3618 unus
300 3549 342 3618 de
369 3549 552 3639 prophetis.
602 3547 651 3618 Et
678 3553 758 3622 tunc
786 3552 880 3621 venit
908 3553 986 3623 inde
1013 3553 1048 3623 iu
1078 3554 1200 3625 vallem

187 3680 325 3752 lauram.
369 3681 419 3752 Ibi
447 3687 500 3752 est
527 3683 768 3754 monasterum
789 3705 956 3775 magnum,
989 3692 1025 3755 et
1044 3685 1091 3757 ibi
1104 3688 1201 3760 sedet
