2782 4290
188 403 252 466 230

188 579 320 651 Eodem
347 578 382 647 in
409 576 485 647 loeo
514 571 599 643 dixit
615 571 776 644 Dominus
803 571 960 644 dentibus
986 571 1199 646 mulieribus:

189 711 305 784 Filiae
320 702 527 798 Jerusalem,
556 704 658 778 nolite
672 702 756 794 (lere
771 726 874 795 super
889 725 942 776 me
970 709 1038 776 etc.
1073 705 1202 780 Postea

190 866 255 937 per
280 844 340 915 xlii
366 861 485 933 passus
512 860 533 910 a
559 837 700 927 dextris,
730 838 832 929 juxta
864 838 968 928 viam,
1003 842 1054 911 est
1085 839 1200 914 locus

191 977 348 1050 stationis
374 976 522 1047 beatae
550 970 737 1060 virginis.
783 968 929 1062 Cupiens
955 970 1073 1045 videre
1102 972 1202 1046 dilec-

190 1116 263 1184 tum
291 1108 396 1181 filium
423 1107 512 1198 ejus,
548 1104 605 1195 qui
638 1125 713 1175 com
745 1103 875 1193 ingenti
906 1103 1053 1178 tumultu
1080 1106 1202 1200 educe-

188 1245 289 1316 batur
328 1241 370 1314 do
404 1240 505 1312 domo
539 1236 639 1310 Pilati
678 1258 752 1309 oum
785 1237 986 1310 intolerabili
1024 1260 1125 1314 cruce
1158 1242 1200 1314 ad

97 1376 99 1389 ‘
188 1373 460 1465 crucifigendum,
485 1392 586 1465 quem
607 1392 682 1443 oum
708 1372 830 1443 intuita
856 1370 976 1444 fuisset
998 1379 1200 1465 consputum

191 1513 225 1580 ot
251 1507 412 1598 sanguine
441 1526 667 1596 conspersum,
698 1505 845 1578 omnium
872 1506 1024 1596 priomm
1051 1509 1200 1599 consola-

189 1641 321 1712 tionum
366 1639 486 1730 oblita,
539 1638 663 1712 cadens
705 1639 738 1709 in
782 1639 978 1731 amentiam,
1024 1642 1201 1732 procubuit

190 1773 417 1864 semimortua,
447 1773 554 1846 doneo
581 1793 602 1842 a
624 1772 767 1846 caeteris
786 1771 976 1846 mulieribus
1003 1771 1069 1846 fuit
1087 1781 1202 1848 erecta

189 1914 224 1981 et
252 1908 376 1980 ablata.
433 1905 565 1979 Eodem
591 1906 626 1977 in
653 1905 726 1979 looo
759 1905 803 1977 ad
830 1905 994 1978 honorem
1022 1909 1095 2001 ejus
1122 1929 1201 1983 oon-

188 2046 320 2114 struota
347 2045 423 2114 erat
451 2038 603 2131 ecclesia,
634 2040 731 2131 enjus
759 2040 903 2130 vestigia
928 2041 1102 2134 bucusque
1131 2063 1202 2116 cer-

188 2178 332 2265 nuntur,
368 2194 454 2265 quae
481 2194 503 2245 a
534 2171 672 2264 perfidis
704 2173 895 2247 sarracenis
927 2179 979 2247 est
1011 2174 1199 2268 destructa,

190 2311 225 2379 et
242 2307 420 2381 dicebatur
437 2307 479 2380 ad
499 2310 649 2380 sanctam
668 2303 813 2378 Mariam
830 2307 873 2379 de
889 2327 1036 2399 spasmo.
1069 2311 1201 2384 Deinde

187 2461 252 2532 per
270 2441 514 2532 quinquaginta
532 2461 592 2513 sex
610 2462 733 2532 passus
761 2441 911 2513 cernitur
939 2463 1064 2517 arous
1092 2448 1201 2517 testu-

191 2573 278 2646 dinis
309 2595 441 2648 sursum
473 2575 668 2647 incurvatus
702 2594 767 2667 per
798 2576 968 2667 plateam:
997 2582 1049 2651 est
1075 2578 1201 2652 litbo·

190 2712 362 2798 strotus
403 2713 439 2781 et
475 2708 653 2797 gabbatha
686 2708 824 2802 dieitur,
864 2732 966 2802 super
999 2733 1100 2804 quem
1134 2712 1200 2785 dno

191 2840 260 2913 albi
286 2839 420 2934 lapides
447 2846 644 2934 comuntur,
673 2864 777 2936 super
804 2865 886 2937 quos
911 2845 1075 2919 Dominus
1102 2844 1200 2921 Jesus

188 2974 222 3046 in
250 2995 335 3048 area
352 2974 455 3049 Pilati
481 2975 585 3066 stetit,
615 2997 690 3048 cum
717 2977 828 3051 eidem
851 2978 957 3072 judici
983 2978 1027 3053 ad
1044 2980 1199 3071 quaesita

187 3107 372 3199 respondit.
407 3107 537 3183 ibidem
557 3115 610 3183 est
629 3111 731 3202 locus,
757 3111 815 3184 ubi
834 3110 972 3184 affixum
998 3119 1077 3187 erat
1098 3115 1200 3188 vexil-

187 3241 259 3312 lum
276 3242 443 3324 militum„
474 3242 543 3315 Sub
564 3265 646 3317 arcu
668 3245 851 3337 praedicto
875 3236 1199 3321 monstratur'loous

187 3374 358 3448 scholae
404 3377 559 3450 beatae
597 3379 794 3472 virginis,
840 3400 908 3472 qua
946 3381 982 3453 in
1016 3381 1198 3474 juventute

188 3509 395 3600 scripturam
426 3510 552 3584 didicit.
616 3511 672 3584 Ab
707 3533 789 3586 arou
822 3513 1004 3606 praedicto
1037 3535 1103 3608 per
1135 3518 1196 3588 xx'v

186 3649 392 3734 passusest
429 3647 711 3740 praetorium,
754 3666 820 3741 quo
854 3645 1008 3726 Christus
1040 3649 1106 3724 fuit
1136 3650 1194 3724 lla·
