2782 4290
1137 386 1200 451 195

186 567 360 639 sanctus
386 552 537 638 Petrus
563 563 788 662 abscondit
814 584 875 658 se,
903 566 1037 658 qnando
1064 569 1202 658 negavit

186 697 370 773 Christum.

270 834 403 908 Deinde
439 833 482 907 ad
515 834 675 908 fontem
702 833 835 927 Siloe,
870 835 928 911 ubi
963 855 1086 910 caecus
1119 835 1203 908 lavit

187 969 309 1042 oculos
334 990 414 1043 snos
441 975 477 1042 et
503 969 618 1042 statim
639 969 735 1042 vidit.
777 969 911 1043 Deinde
932 969 978 1042 ad
1003 971 1203 1061 templum

186 1104 374 1197 Domini,
410 1105 468 1176 ubi
495 1100 647 1177 Christus
679 1104 743 1177 luit
769 1108 1006 1194 praesentatus
1040 1107 1077 1175 et
1104 1124 1125 1174 a
1153 1101 1204 1175 Si·

185 1259 290 1313 mone
316 1243 485 1331 receptus.
537 1238 672 1311 Deinde
699 1237 743 1311 ad
769 1243 957 1312 sanctam
985 1237 1153 1311 Annam.

248 1346 407 1446 ¹Deinde
446 1374 481 1445 in
517 1372 668 1446 vallem
700 1371 924 1465 Josaphat,
965 1373 1022 1446 nbi
1055 1371 1205 1446 invenies

187 1508 460 1599 sepulchrum
489 1507 641 1580 beatae
669 1507 851 1600 Mariae,
886 1514 921 1581 et
946 1508 993 1580 ibi
1021 1527 1128 1600 prope
1155 1513 1207 1580 est

135 1696 141 1700 -
189 1643 295 1733 locuS,
326 1643 384 1714 nbi
410 1641 573 1713 Dominus
601 1646 716 1714 noster
742 1641 805 1714 fuit
832 1643 966 1732 ligatus.
1008 1640 1140 1713 Deinde
1163 1641 1206 1712 ad

187 1781 377 1850 montem
412 1772 574 1849 Oliveti
608 1776 802 1869 ascendens,
832 1776 945 1869 ibique
977 1776 1128 1868 reperies
1154 1774 1204 1845 lo·
1274 1798 1278 1805 ·

189 1934 284 2003 cum,
320 1910 380 1984 ubi
406 1909 609 1982 Dominus
642 1915 757 1984 noster
784 1911 975 1984 aseendit
1007 1909 1050 1981 ad
1083 1909 1203 1998 coelos,

189 2046 291 2122 etibi
312 2050 364 2118 est
391 2044 594 2135 ecclesia,
624 2064 711 2135 quae
739 2045 864 2117 dicitur
891 2044 1018 2116 Pater
1045 2047 1202 2114 noster.

189 2179 324 2254 Deinde
351 2179 396 2251 ad
422 2178 685 2270 Bethaniam,
722 2179 779 2251 ubi
807 2179 970 2251 Dominus
996 2182 1112 2250 noster
1137 2176 1205 2248 La-

189 2336 308 2388 zarum
341 2312 522 2387 suscitavit.
583 2312 630 2385 Et
668 2313 715 2386 ibi
748 2319 801 2385 ost
834 2312 1019 2385 ecclesia
1051 2311 1205 2384 beatae

191 2448 359 2522 Mariae
386 2446 684 2538 Magdalenae,
728 2455 763 2521 et
796 2447 841 2521 ibi
878 2451 930 2520 est
961 2446 1060 2539 lapis,
1104 2465 1206 2536 super

191 2605 292 2676 quem
325 2580 489 2653 Dominus
523 2580 681 2672 sedebat,
717 2582 849 2673 quando
877 2580 1014 2653 Martha
1041 2579 1197 2653 occurritv

191 2715 327 2789 Deinde
354 2713 399 2787 ad
426 2713 631 2787 fluentem
656 2715 867 2789 Jordanis.

271 2848 407 2924 Deinde
440 2849 484 2922 ad
509 2849 774 2942 Bethlehem,
808 2850 866 2923 ubi
899 2851 1050 2943 reperies
1083 2852 1204 2941 locum,

193 2987 322 3076 inquo
349 2988 470 3055 natus
502 2982 583 3054 fuit
609 2983 807 3057 Dominus
833 2990 967 3075 noster,
1003 2990 1039 3056 et
1074 2984 1120 3059 ibi
1154 2990 1207 3057 est

193 3139 357 3214 praesepe
383 3117 536 3208 Domini,
569 3117 604 3188 in
637 3139 704 3211 quo
731 3119 910 3191 reclinatus
943 3118 1017 3194 fuit.
1071 3119 1204 3192 Deinde

195 3256 236 3327 od
253 3256 374 3344 locum,
396 3250 453 3324 nbi
477 3252 614 3340 angelus
633 3251 849 3326 annunciavit
862 3253 1023 3341 gaudium
1049 3273 1205 3342 magnum

194 3386 438 3478 pastoribus
465 3385 548 3457 Luc.
576 3384 741 3458 secundo:
772 3383 896 3459 (ilario
916 3387 954 3459 io
975 3384 1116 3458 cccclsis
1131 3382 1205 3454 Deo

195 3523 287 3595 etia
314 3525 410 3593 terro
437 3526 500 3593 cto.
546 3519 679 3592 Deinde
706 3519 751 3591 ad
778 3526 968 3594 sanctum
997 3518 1207 3590 Abraham

196 3656 431 3743 patriarcham,
486 3652 617 3728 Deinde
645 3652 691 3725 ad
717 3653 847 3746 locum,
875 3655 946 3727 ubi
974 3657 1100 3726 natus
1127 3649 1208 3723 snit

999 3771 1066 3839 13*
