2782 4290
314 396 378 466 134

312 576 395 651 illud
411 576 571 667 oppidum
598 573 662 647 fuit
679 575 802 648 Lazari
822 580 859 649 et
886 597 1041 650 sororum
1054 596 1202 650 suarum.
1231 574 1281 646 Et
1295 577 1323 648 si

312 712 401 784 idem
417 709 531 782 Simon
552 710 631 782 alibi
654 710 775 782 habuit
794 712 974 804 hospitium
1001 717 1036 784 et
1055 709 1146 782 forte
1165 709 1201 780 in
1223 729 1322 801 prae·

312 848 497 917 monstrato
515 844 603 934 loeo,
624 864 762 917 neeesse
784 849 846 936 est,
872 848 912 918 ut
931 849 1011 918 tune
1030 845 1106 918 viee
1128 842 1240 933 prima
1256 862 1322 913 non

312 978 419 1050 solum
445 976 560 1068 peden,
589 975 649 1049 sed
677 979 780 1050 etiam
807 983 908 1071 oaput
935 977 1020 1050 Jesu
1052 977 1185 1049 dicatur
1211 975 1323 1047 Maria

312 1111 461 1199 unxisse,
496 1115 535 1182 ut
567 1131 608 1183 ex
640 1111 743 1201 ipsius
769 1113 907 1183 Domini
934 1111 1046 1185 verbis
1072 1111 1107 1181 in
1133 1108 1323 1199 Evangelio

314 1243 468 1317 moends:
531 1240 667 1334 Simon,
701 1244 843 1317 introivi
875 1245 913 1317 ia
944 1245 1081 1317 domum
1112 1248 1209 1315 tuom
1242 1247 1321 1334 eto,

311 1381 427 1469 potest
454 1376 605 1466 intelligi.
661 1376 740 1450 Alia
766 1398 850 1451 vero
878 1377 950 1451 vioe
978 1379 1013 1449 in
1039 1377 1211 1450 Bethania
1237 1380 1322 1449 tam-

314 1531 414 1600 quam
447 1511 482 1581 in
515 1510 616 1582 domo
656 1533 717 1584 sua
751 1511 869 1584 eadem
902 1511 1014 1582 Maria
1046 1515 1182 1583 tantum
1223 1514 1323 1603 caput

315 1645 389 1736 ejus
416 1645 527 1735 unxit,
562 1666 664 1738 super
695 1647 802 1738 ipsum
836 1643 946 1717 dacto
983 1644 1167 1716 alabastro.
1226 1643 1322 1718 Unde

313 1779 346 1847 in
373 1777 580 1868 Evangelio:
620 1776 707 1850 Com
734 1776 1026 1851 essetBattona'oa
1050 1775 1158 1850 Jesos
1180 1781 1247 1851 sto.
1288 1777 1322 1850 Si

314 1910 387 2000 quis
415 1909 457 1983 de
485 1892 536 1983 his
562 1912 705 2003 amplius
733 1913 815 1985 velit
842 1912 1027 2002 certiorari,
1056 1913 1174 1984 veniat
1199 1913 1274 2002 ipse
1290 1916 1325 1985 et

312 2065 333 2114 a
363 2044 639 2135 prudentioribus
672 2046 788 2118 incolis
822 2049 935 2118 terrae
970 2046 1070 2138 hujus
1102 2045 1258 2118 ordinem
1289 2050 1324 2119 et

312 2179 492 2253 veritatem
519 2179 571 2250 rei
598 2182 716 2268 gestae
743 2180 909 2270 inquirat;
938 2180 1067 2251 namin
1085 2179 1321 2272 aliquasorip-

310 2316 388 2384 tura
415 2333 477 2383 neo
506 2317 639 2384 tantum
667 2312 709 2385 de
736 2313 789 2385 his
815 2313 938 2406 reperi.

389 2468 486 2541 Inter
514 2471 654 2544 eandem
680 2473 880 2545 Bethaniam
908 2478 943 2545 et
970 2455 1197 2545 summitatem
1224 2494 1318 2546 mon-

311 2603 352 2674 tis
381 2600 514 2695 Oliveti‚
543 2609 715 2694 tamquam
742 2607 776 2678 in
803 2606 926 2697 medio,
958 2612 1032 2678 erat
1057 2606 1319 2699 Bethphage‚

310 2736 401 2806 vicus
442 2736 576 2826 quidam
616 2740 844 2832 sacerdotum,
886 2741 983 2833 eujus
1016 2726 1175 2812 indicium
1215 2742 1321 2814 adhue

310 2874 443 2942 exstant
471 2871 566 2961 quasi
595 2877 707 2945 turres
735 2874 823 2945 duae
850 2874 1020 2966 lapideae,
1050 2874 1093 2945 de
1126 2874 1246 2966 quibus
1273 2877 1321 2946 est

309 3023 376 3073 una
405 3005 555 3078 eeclesia.

437 3296 462 3359 7.
500 3294 588 3360 Mons
611 3293 695 3374 Sion,
720 3293 930 3374 ooauaoulum,
956 3295 1086 3362 ooolasia
1112 3296 1197 3364 Sion.

385 3510 706 3602 appropinquante,
737 3516 776 3580 ut
804 3510 957 3612 diximus,
984 3512 1119 3585 Domini
1146 3515 1312 3605 passione,

304 3648 382 3736 post
415 3643 538 3720 Lazari
570 3644 877 3736 resuscitationem,
914 3645 967 3720 die
1001 3646 1189 3743 palmarum
1222 3648 1314 3725 venit
