2782 4290
1004 344 1067 410 127

53 528 166 596 torem
200 545 296 597 snum
328 523 485 616 odorent,
527 524 620 616 qnod
654 527 772 598 tomen
811 545 874 618 pro
908 525 1068 598 idolatria

53 658 248 732 habendum
275 663 328 731 est
361 664 450 731 teste
476 656 683 750 Augustino,
713 659 771 749 qui
797 660 932 749 asserit,
962 660 1067 730 idolo-

53 793 158 875 triom
186 812 269 882 esse,
298 792 459 883 quidquid
485 790 524 862 fit
550 797 688 882 praeter
714 791 815 863 fidem
843 791 978 863 Christi.

136 925 176 996 In
202 925 341 997 circuitu
368 925 485 1015 templi
511 925 606 1015 quasi
632 925 811 996 subtecto
839 931 936 998 extra
962 927 1068 996 conti-

55 1062 160 1133 netur
191 1056 276 1129 hoee
308 1059 427 1130 littero
459 1059 495 1130 in
532 1079 670 1132 ascensu
699 1078 816 1130 versus
843 1060 1067 1131 occidentem:

54 1191 141 1264 Pax
168 1196 341 1262 aeterna
369 1193 416 1264 ob
444 1196 621 1265 aeterno
654 1197 774 1283 patre
801 1193 858 1263 sit
885 1193 977 1265 huic
1005 1194 1069 1263 do-

55 1325 151 1397 mui.
221 1325 455 1398 Benedicta
498 1325 635 1414 gloria
682 1325 843 1396 Domini
888 1326 936 1398 de
974 1327 1067 1398 loco

57 1462 207 1530 saneto
234 1478 317 1530 suo.
371 1457 500 1531 Versus
526 1458 717 1530 meridiem:
755 1460 864 1532 Bene
890 1459 1069 1532 fundata

59 1595 125 1665 est
159 1590 298 1663 domus
330 1590 499 1663 Domini
532 1613 662 1682 supra
694 1591 861 1664 firmem
888 1598 1064 1684 petrem.

58 1725 205 1814 Beati,
240 1723 311 1814 qni
342 1723 542 1796 habitant
576 1725 614 1796 in
648 1723 764 1796 domo
792 1732 877 1816 tuo3
913 1729 956 1798 in
984 1747 1069 1798 sae-

59 1858 154 1931 cula
181 1857 445 1929 saeculorum
471 1856 697 1930 laudabunt
724 1864 774 1932 te.
802 1860 931 1932 Versus
958 1861 1071 1930 orien-

59 1998 145 2066 tem:
174 1990 283 2064 Vere
310 1990 510 2063 Dominus
538 1997 603 2062 est
629 1993 674 2077 in,
697 1992 789 2064 loco
816 1993 903 2083 illo,
933 1999 974 2066 et
994 2013 1070 2082 ego

60 2124 311 2198 nesciebam.
366 2124 411 2194 In
438 2123 554 2198 domo
583 2129 673 2215 tuo,
701 2124 895 2216 Domine,
933 2146 1072 2197 omnes

61 2255 407 2346 dioentgloriem.
430 2256 558 2329 Versus
570 2257 1073 2349 septentrionem:Templum

62 2358 1074 2481 DominisonetumestDeiculturoest.Deioedi·

62 2525 212 2598 ficatio
233 2530 308 2597 est.
337 2524 433 2596 Intus
451 2545 534 2597 vero
555 2526 589 2596 in
606 2526 735 2614 templo
757 2526 792 2596 in
810 2527 974 2618 superiori
986 2526 1074 2598 lineo

62 2681 126 2752 per
146 2656 321 2730 circuitum
339 2659 529 2750 oppositum
546 2664 599 2730 est
624 2659 660 2729 in
685 2661 816 2749 magnis
842 2660 965 2732 litteris
992 2658 1075 2730 iilud

29 2777 335 2884 responsorium:
383 2791 509 2883 Audi,
543 2792 731 2884 Domine,
767 2793 972 2883 hymnum,
1000 2810 1075 2865 oum

63 2947 166 3001 versu
193 2944 271 2998 suo:
298 2925 499 3016 Respice,
527 2923 723 3015 Domine,
752 2931 814 2998 eto
856 2925 895 2997 ln
915 2925 1076 2998 inferiore

64 3079 199 3152 qnoque
227 3057 354 3129 ambitu
382 3078 458 3130 oum
484 3058 596 3130 eureis
613 3058 734 3129 litteris
754 3059 890 3149 quidam
921 3059 1076 3131 versiculi

65 3193 107 3268 de
134 3192 195 3264 illo
224 3191 363 3283 hymno:
397 3190 505 3265 Urbs
532 3192 661 3263 beata
686 3189 949 3281 Jerusalem,
968 3191 1078 3264 conti-

67 3332 207 3417 nentur·
221 3324 376 3417 appositi.

143 3458 241 3533 Idem
267 3457 431 3547 templum
458 3457 508 3531 sic
535 3436 696 3530 decenter
724 3457 943 3549 compositum
957 3458 994 3528 et
1022 3475 1078 3524 ex·

66 3597 229 3667 ornatum
261 3592 519 3681 circumquaque
552 3590 658 3685 hehet
689 3592 813 3662 atrium
845 3591 950 3660 lotum
977 3592 1080 3677 atque
