2782 4290
187 438 229 503 50

185 616 286 711 fario,
322 617 356 686 in
394 612 636 685 redemtionem
674 609 806 680 animae
844 627 941 696 suae,
985 610 1021 681 et
1058 615 1195 684 sanctus

185 746 379 821 Bonifacius
420 745 577 818 tradebat
628 747 743 815 nostro
794 741 953 830 episeopo
1001 741 1198 816 Willibaldo

186 883 276 954 illam
303 880 487 970 regionem,
517 898 604 969 quae
631 875 742 948 adbuc
770 879 847 946 erat
874 879 945 946 tota
965 880 1111 968 vastata,
1140 878 1197 969 ita,

186 1021 226 1089 ut
252 1015 344 1087 nulla
371 1012 488 1086 domus
508 1012 556 1084 ibi
584 1013 681 1101 esset,
710 1009 773 1081 nisi
799 1007 857 1081 illa
884 1010 1028 1082 ecelesia
1056 1015 1197 1082 sanetae

188 1149 328 1236 Mariae,
359 1166 444 1238 quae
471 1145 581 1217 adhuc
608 1149 677 1217 stat
704 1143 759 1232 ibi,
788 1141 895 1213 minor
923 1163 1023 1233 quam
1051 1144 1117 1216 alia
1145 1165 1200 1217 eo-

188 1282 303 1371 clesia,
339 1300 437 1371 quam
471 1284 588 1368 postea
625 1276 838 1349 Willibaldus
875 1276 921 1349 ibi
950 1282 1197 1350 construxerat.

189 1608 329 1693 xxxvl.
360 1621 519 1705 erininga,
546 1619 686 1701 llibntat
711 1616 919 1686 willibaldus
942 1619 975 1684 in
990 1616 1199 1702 presbytera·

582 1728 650 1793 tum
673 1727 809 1792 oreatus.

271 1949 421 2039 Cumque
462 1946 508 2019 ibi
544 1950 720 2016 manerent
753 1944 819 2016 duo
857 1945 954 2017 simul
982 1945 1025 2017 ad
1053 1945 1197 2043 Eihstat

191 2081 433 2176 aliquantulum
459 2079 621 2169 temporis
644 2076 824 2168 induciam,
856 2079 1068 2153 Willibaldus
1095 2085 1201 2173 atque

191 2215 395 2306 Suitgarius,
437 2212 627 2304 almumque
667 2212 791 2285 ibidem
831 2213 925 2286 habit
912 2213 1047 2286 tationis
1088 2216 1201 2288 locum

191 2347 394 2442 explorando
428 2347 687 2435 eligebantet
652 2352 794 2436 etpos
795 2367 836 2419 ea
863 2347 984 2420 iterum
1011 2349 1202 2436 pergebant

43 2498 46 2503 ·
190 2483 234 2555 ad
261 2486 413 2554 sanctum
439 2476 651 2550 Bonifatium
689 2478 731 2551 ad
763 2480 1062 2571 Frigisingum,
1093 2487 1128 2553 et
1154 2483 1201 2556 ibi

176 2621 285 2688 erant
313 2635 386 2685 eum
422 2612 498 2699 illo,
535 2631 640 2701 usque
675 2611 754 2684 dum
795 2634 910 2686 omnes
944 2615 1041 2688 simul
1075 2617 1198 2689 iterum

189 2745 371 2821 veniebant
407 2744 449 2816 ad
488 2744 673 2816 Eibstat.
735 2745 784 2818 Et
822 2748 947 2820 ibidem
986 2755 1066 2821 tuno
1105 2750 1200 2823 illum

189 2878 419 2951 Willibaldum
448 2879 655 2951 consecravit
681 2885 814 2952 sanctus
833 2880 1027 2954 Boniiarius
1054 2883 1089 2954 in
1102 2904 1199 2973 pres-

175 3008 364 3102 byterialis
391 3011 564 3100 dignitatis
591 3012 741 3102 gradum.
804 3012 881 3105 Ipso
910 3016 982 3105 die,
1018 3037 1084 3107 quo
1113 3017 1199 3108 epis·

192 3165 296 3237 copus
328 3149 443 3219 noster
474 3144 689 3218 Willibaldus
723 3153 936 3221 consecratus
971 3149 1082 3221 estin
1108 3171 1201 3241 pres-

190 3277 392 3370 byteratum·⁸
421 3279 599 3352 undecimo
627 3279 787 3352 kalendas
814 3282 947 3372 augusti
962 3280 1038 3371 fuit,
1069 3283 1114 3354 ad
1143 3304 1200 3355 na·

190 3406 302 3484 talem'
331 3413 441 3486 saneti
464 3411 669 3504 Apollinaris
689 3425 724 3487 et
738 3420 876 3488 sanctae
899 3415 1031 3487 Mariae
1053 3414 1199 3506 Magda-

191 3543 299 3617 lenae.
