2782 4290
1074 355 1118 423 47

100 535 277 628 probando
304 540 521 627 peragraret,
556 540 617 606 aut
653 535 823 626 quomodo
849 536 955 608 multo
981 541 1116 629 tempo·

101 691 176 739 rum
203 668 311 759 spatia
338 670 544 760 perniciosas
572 689 780 760 paganorum
799 672 985 760 pravitates
1012 693 1117 762 pene·

100 803 223 873 trando
260 803 438 898 evaderet,
486 776 666 892 diligenter
702 804 746 877 ab
786 804 844 875 illo
872 805 1113 877 sciscitabatur.

182 935 373 1029 Statimque
413 941 496 1010 tnnc
529 937 585 1010 ille
620 937 716 1026 agilis
749 935 875 1010 Christi
915 940 1114 1013 vernaculus

100 1070 250 1159 glorioso
278 1073 429 1161 gentium
462 1072 701 1162 gubernatori,
742 1072 885 1163 sapienti
919 1093 1112 1146 sermonum

97 1205 264 1276 industria
290 1204 464 1278 humiliter
491 1205 722 1306 edisserendo,
756 1206 878 1276 seriem
905 1206 956 1278 sui
984 1206 1111 1280 itineris

97 1338 288 1410 exordiae
322 1340 504 1411 intimavit:
541 1339 631 1429 quali
658 1337 758 1410 modo
787 1339 909 1412 multas
936 1339 1111 1429 migrando

95 1471 213 1545 mundi
240 1473 335 1544 istius
362 1473 552 1564 permeavit
572 1473 771 1563 mansiones,
802 1478 837 1545 et
866 1474 1034 1563 quomodo
1063 1475 1112 1545 al-

96 1627 188 1676 mum
216 1607 373 1678 altissimi
401 1608 576 1679 aetlrerum
593 1607 804 1697 plasmatoris
822 1608 969 1678 natalem
986 1609 1112 1681 adven·

96 1746 152 1812 tus
179 1740 231 1811 sui
258 1741 371 1812 locum
398 1743 432 1812 in
445 1741 648 1813 Bethlehem
665 1740 846 1831 adorando,
876 1761 976 1830 opem
993 1747 1111 1833 postu·

97 1875 198 1946 lando
226 1876 468 1966 lustrandoque
495 1874 760 1967 perambulabat,
799 1879 835 1944 et
863 1874 966 1945 nihilo
995 1877 1107 1950 minus

94 2009 196 2079 aliam
228 2010 436 2102 baptismatis
477 2011 551 2101 ejus
589 2014 715 2082 terram
748 2007 782 2078 in
809 2006 958 2080 Jordane
986 2031 1106 2099 speon·

95 2143 196 2215 lando
224 2164 329 2235 seque
358 2144 546 2228 balneando
575 2143 750 2232 visitabat,
795 2141 856 2215 sed
882 2147 919 2214 et
945 2143 980 2212 in
1008 2142 1108 2215 Jeru-

97 2278 204 2350 salem
243 2280 358 2369 sioqua
398 2279 433 2348 in
473 2284 589 2351 sancta
623 2276 720 2367 Sion,
764 2275 822 2347 ubi
863 2296 957 2348 sacer
991 2297 1108 2348 saecu·

93 2411 204 2483 lorum
243 2406 395 2485 salvator
434 2413 469 2484 in
506 2432 605 2484 cruce
639 2432 818 2502 suspensus
844 2415 1017 2502 peremtus
1053 2416 1105 2483 ast

94 2550 200 2636 atque
227 2547 390 2637 sepultus,
421 2550 455 2616 et
482 2550 602 2635 postea
627 2546 662 2617 in
690 2552 804 2618 monte
817 2543 941 2618 Oliveti
968 2546 1003 2615 in
1030 2567 1108 2619 coe·

93 2680 163 2750 lum
191 2681 355 2753 ascendit.
409 2680 487 2752 latio
513 2686 660 2771 quatuor
687 2681 815 2768 vicibus
834 2680 1000 2752 veniendo
1029 2701 1107 2752 ora·

93 2815 153 2885 bat
182 2819 219 2884 et
246 2813 391 2886 Domino
426 2834 463 2884 se
500 2812 764 2885 commendabat.
817 2811 889 2883 lsta
916 2815 1027 2883 omnia
1053 2815 1103 2887 illi

90 2947 277 3019 intimando
305 2949 517 3039 explanabat.

89 3209 234 3278 XXXIV.
293 3211 381 3294 Papa
423 3211 465 3279 ad
511 3211 657 3275 sanetum
705 3207 901 3275 Bonifatium
947 3209 1106 3292 proticisci

512 3315 676 3384 hortatur.

168 3479 358 3571 Postquam
386 3481 609 3552 haecomnia
643 3481 896 3555 delectabilibus
924 3479 1104 3550 vorborum
1159 3468 1176 3483 ’

90 3615 431 3689 sermocinationibus
465 3614 556 3687 inter
592 3636 629 3687 se
667 3616 855 3691 fabulantes
891 3611 1101 3705 volutabant,
