2782 4290
1160 403 1200 467 91

186 605 249 655 neo
277 583 417 676 alicujus
444 583 577 655 seminis
605 583 749 653 fructum
777 583 894 673 affert,
925 585 1073 674 exceptis
1100 585 1200 658 arbo-

186 719 280 790 ribus
306 717 503 808 palmarum,
533 716 592 788 sed
620 716 763 788 albescit
783 723 821 789 ut
849 720 1020 810 campania
1046 725 1201 810 tempore

185 852 283 924 nivis.
340 849 424 922 Sunt
452 855 566 921 autem
592 850 626 920 in
654 850 767 923 medio
800 852 924 924 itinere
954 851 1020 924 duo
1047 852 1199 946 hospitia,

187 1006 302 1076 unum,
333 984 425 1075 quod
452 986 596 1055 vocatur
621 982 799 1074 Albana,
836 989 873 1058 et
907 987 1052 1058 alterum
1078 984 1201 1058 Alba·

187 1138 299 1208 nara,
342 1117 525 1208 inquibus
561 1118 701 1206 negotia
735 1124 938 1191 exercentur
970 1141 991 1190 a
1017 1119 1202 1192 christianis

189 1257 224 1325 et
261 1252 403 1341 paganis
440 1251 623 1343 ejusmodi,
665 1273 751 1342 quae
792 1253 983 1325 necessaria
1023 1257 1100 1326 sunt
1136 1254 1202 1326 iter

188 1385 380 1475 agentibus.
435 1383 475 1454 Iu
509 1405 626 1456 eorum
662 1406 744 1458 vero
773 1386 916 1459 oireuitu
943 1388 1036 1478 nihil,
1067 1392 1203 1479 praeter

189 1519 281 1610 quod
310 1518 434 1590 dictum
463 1522 523 1608 est,
554 1519 664 1608 gignit
690 1525 792 1591 terra.
827 1520 867 1591 In
886 1520 1057 1594 Albanara
1080 1514 1128 1596 ibi
1150 1526 1203 1595 est

189 1657 286 1725 terra
305 1651 577 1744 fecundansque
598 1653 641 1724 ad
660 1653 1009 1747 civitatem'Gazam,
1034 1677 1120 1748 quae
1142 1655 1206 1728 fuit

188 1785 331 1859 Samson
359 1786 483 1878 civitae,
511 1786 609 1858 nimis
636 1787 886 1878 opulentissima
913 1789 1059 1861 omnium
1078 1810 1204 1862 rerum.

273 1923 333 1991 10.
369 1919 499 1993 Deinde
531 1926 699 1993 venerunt
730 1920 915 1994 Alarixa.
977 1922 1030 1995 De
1063 1921 1201 1993 Alarixa

190 2055 357 2128 adivimus
382 2054 608 2144 Ramulam,
634 2054 733 2146 juxta
760 2077 860 2146 quam
887 2061 941 2129 est
959 2054 1204 2128 monasterium

189 2189 281 2263 beati
309 2187 450 2277 Georgii
483 2189 657 2279 martpnis,
692 2189 750 2260 ubi
791 2189 862 2279 ipse
901 2187 1094 2278 requiescit.
1150 2186 1203 2257 De

190 2321 336 2396 Romula
362 2321 595 2394 festinavimus
622 2322 665 2394 ad
692 2321 888 2392 Emmaus
917 2321 1102 2392 castellum.
1149 2320 1204 2392 De

187 2457 355 2529 Emmaus
389 2457 606 2545 pervenimus
640 2455 683 2526 ad
711 2460 864 2527 sanctam
902 2455 1072 2527 civitatem
1098 2453 1204 2526 Jeru-

189 2589 322 2681 salem„
345 2590 395 2661 Et
423 2590 552 2681 recepti
580 2610 694 2662 sumus
720 2590 754 2659 in
782 2588 948 2680 hospitale
976 2588 1206 2679 gloriosissimi

189 2724 406 2816 imperatoris
434 2720 557 2814 Caroli,
588 2724 621 2793 in
651 2744 717 2813 quo
738 2722 963 2814 suscipiuntur
992 2744 1117 2814 omnes
1148 2726 1205 2814 qui

190 2878 292 2929 eausa
334 2857 524 2929 devotionis
564 2857 659 2929 illum
700 2855 826 2928 adeunt
858 2857 969 2930 locum
1007 2857 1122 2948 lingua
1154 2858 1204 2929 lo-

191 2995 337 3082 quentes
378 3011 532 3062 romana:
574 2992 627 3062 oui
668 2990 802 3084 adjacet
840 2992 981 3063 ecelesia
1014 2991 1048 3062 in
1074 2990 1204 3063 honore

187 3130 330 3196 sanctae
358 3122 506 3215 Mariae,
536 3125 778 3200 nobiiissimam
811 3124 937 3197 habens
964 3124 1204 3198 bibliothecam

186 3257 301 3330 studio
328 3256 495 3347 praedicti
521 3258 742 3354 imperatoris,
773 3279 848 3330 oum
875 3256 944 3331 XII
968 3258 1202 3352 mansionibus,

186 3392 293 3482 agris,
330 3390 437 3463 vineis
479 3395 514 3464 et
546 3392 647 3464 horto
668 3393 717 3494 in
752 3390 841 3463 valle
874 3391 1049 3482 Josaphat.
1113 3391 1203 3463 Ante

184 3525 298 3616 ipsum
326 3523 496 3616 hospitale
524 3529 575 3598 est
601 3524 721 3615 forum,
750 3524 785 3596 in
813 3545 879 3615 quo
909 3526 1137 3616 unusquisque
1157 3525 1204 3597 ibi
