2782 4290
195 382 259 451 loo

190 567 340 658 bohemi,
391 567 583 658 georgiani,
632 573 776 664 armeni,
820 572 1010 664 jacobitae,
1063 574 1198 666 suriani,

191 703 392 793 nestoriani,
422 703 507 793 indi,
537 705 702 797 aegyptii,
737 708 842 800 copti,
874 707 1103 800 capheturici,
1132 730 1201 781 ma·

190 838 264 908 roni
298 837 414 909 etalii
443 837 675 928 quamplures,
711 860 795 931 quos
828 842 964 932 longum
999 848 1089 916 esset
1122 864 1203 914 enu-

190 993 337 1062 mcrare,
372 971 431 1044 sed
459 971 492 1041 in
520 971 571 1043 lois
598 970 699 1044 finem
726 975 824 1067 hujus
853 977 1001 1067 opusculi
1031 977 1200 1050 faciemus.

191 1105 309 1178 Amen.

350 1559 533 1652 Festum,
574 1562 613 1632 in
648 1584 726 1653 quo
765 1566 1043 1660 recuperatio
1085 1567 1204 1639 urbis

295 1694 530 1767 Jerusalem
570 1700 700 1786 atque
745 1698 1084 1789 transfiguratio
1123 1700 1203 1769 Do-

296 1829 395 1901 mini
423 1829 680 1901 celebratur.

270 2047 348 2119 Idus
371 2044 447 2138 julii
475 2044 639 2116 dedicatio
676 2045 837 2118 ecclesiae
871 2045 978 2117 sancti
1012 2048 1196 2138 sepulchri.

188 2181 320 2257 Eodem
348 2180 403 2252 die
435 2178 558 2251 festum
590 2179 767 2261 maximum
802 2180 992 2252 celebratur
1020 2181 1062 2252 dc
1095 2182 1199 2273 capt?-

190 2315 297 2388 vitate
324 2313 513 2387 Jerusalem
546 2311 632 2384 facta
659 2335 678 2383 a
705 2313 904 2386 christianis.
967 2315 1021 2388 De
1056 2315 1121 2387 lroc
1157 2315 1198 2386 ad

188 2450 321 2521 missam
342 2446 777 2540 introituszhaetare,
794 2448 1042 2521 Jerusalem.
1071 2449 1197 2539 Kyrie

189 2582 371 2672 eleyson.
463 2580 775 2672 Cunctipotens
834 2552 1013 2674 genitor
1073 2583 1193 2654 Deus.

189 2713 344 2786 Oratio.
402 2711 624 2806 Omnipotens
657 2716 860 2808 sempiterne
897 2716 1006 2806 Deua,
1044 2718 1101 2807 qui
1129 2718 1196 2789 vir-

188 2853 260 2920 tute
293 2822 352 2920 tua
384 2847 527 2920 mirabili
561 2849 767 2940 Jerusalem,
805 2850 977 2922 civitatem
1009 2857 1118 2940 tuam,
1154 2850 1194 2922 de

186 3002 287 3060 manu
320 2999 527 3074 paganorum
560 2983 677 3054 eruisti
711 2988 746 3054 ct
779 2983 967 3054 christianis
1004 2985 1190 3074 reddidisti,

103 3093 106 3096 Α
187 3117 303 3189 adesto
331 3116 444 3206 nobie,
474 3136 693 3207 quaesumus,
722 3117 901 3209 propitiuS,
930 3124 984 3208 ut,
1014 3118 1071 3209 qui
1099 3139 1194 3190 sauc-

186 3257 255 3324 tam
282 3250 528 3325 solemnitatem
562 3270 672 3323 annua
703 3252 882 3323 recolimus
917 3251 1116 3344 devotione,
1151 3252 1193 3324 ad

185 3406 350 3478 supernae
382 3383 570 3457 Jerusalem
609 3385 732 3474 gaudia
775 3385 955 3475 pervenire
992 3407 1190 3459 mereamur.

185 3520 253 3591 Per
278 3519 458 3591 Dominum
488 3522 553 3590 etc.
609 3519 822 3610 Epistola:
850 3518 959 3608 Surge
992 3519 1188 3593 illuminare.

184 3654 349 3744 Allelujo,
387 3650 457 3723 dies
491 3652 731 3741 sanctificatus,
766 3674 841 3724 cum
869 3653 1038 3742 graduali:
1069 3651 1190 3726 Omnes
