2782 4290
982 406 985 411 ’
1126 399 1199 474 ,141

244 573 426 649 Sanctus
465 580 707 650 sanctorum
748 578 970 651 damnatur
1004 599 1106 653 voce
1141 601 1201 652 re-

295 731 422 784 arum.

240 844 323 916 Pro
350 845 490 923 servis
521 845 681 920 bellum
718 845 888 936 patitur
926 845 1036 918 Deus
1074 853 1200 941 atque

294 977 526 1069 flagellum.

241 1112 357 1185 Haec
402 1113 512 1185 bona
553 1133 656 1186 crux
701 1112 866 1186 Christi
914 1112 1069 1186 Simoni
1114 1117 1202 1190 sub·

295 1247 415 1320 venit
440 1247 526 1320 isti.
639 1311 642 1314 ,

242 1379 333 1452 Non
366 1380 483 1453 vehit
516 1380 619 1454 hane
652 1382 809 1473 gratis,
848 1403 955 1472 quae
989 1381 1059 1454 dat
1092 1385 1202 1459 bona

297 1516 461 1589 cunetis
488 1516 637 1591 beatis.

267 1677 323 1748 Ab
352 1676 471 1750 eodem
498 1677 584 1767 loen,
613 1679 690 1767 post
709 1677 912 1750 sententiam
930 1676 1037 1751 erucis
1054 1682 1091 1751 et
1107 1679 1201 1752 dam·

185 1811 330 1884 nationis
357 1812 390 1882 in
418 1831 454 1883 ae
481 1810 663 1902 prolatam,
692 1829 825 1881 erucem
852 1807 897 1880 ad
925 1810 987 1882 hae
1013 1832 1196 1904 praepara-

186 1950 258 2016 tam
285 1945 514 2036 imposuerunt
540 1943 681 2016 humero
708 1943 861 2031 Domini,
890 1964 990 2015 causa
1024 1945 1201 2018 deferendi

185 2099 292 2170 usque
320 2076 364 2149 ad
389 2078 498 2150 locum
525 2077 674 2171 patibuli,
704 2084 742 2149 ut
768 2077 827 2148 illa
838 2077 1038 2166 impleretur
1054 2079 1201 2172 prophe·

184 2213 249 2285 tia:
290 2211 515 2302 Principatua
555 2212 632 2301 ejas
655 2230 770 2302 ‘anper
799 2211 976 2282 numeram
1014 2213 1090 2300 ejas
1131 2219 1199 2285 etc.

185 2346 392 2440 Supervenit
432 2351 545 2419 autem
589 2346 724 2436 quidam
766 2364 967 2438 cyrenaeus,
1009 2322 1110 2437 quem
1143 2368 1202 2418 an·

184 2481 408 2571 gariaverunt
434 2479 576 2552 eandem
604 2501 739 2553 erucem
773 2485 910 2573 portare
937 2496 1044 2571 usque
1080 2481 1123 2553 ad
1150 2481 1200 2552 lo·

185 2637 265 2687 cum
296 2614 474 2688 calvariae
500 2620 645 2706 propter
667 2615 876 2706 mysterium.
1098 2624 1100 2628 ’

186 2959 236 3024 10.
269 2957 372 3025 Laeua
394 2956 575 3040 calvariae,
596 2973 704 3025 oareer
716 2955 851 3037 Domini,
870 2919 1071 3042 aepulehrnm
1083 2953 1200 3039 Adam

275 3064 420 3133 scissura
443 3065 476 3132 et
495 3063 636 3169 toramen
660 3066 782 3148 petrae,
809 3063 915 3131 altare
937 3063 1112 3134 dominicae
1131 3082 1203 3167 pas-

275 3171 378 3238 sionis
403 3173 436 3240 et
460 3171 664 3239 adsumtum
687 3171 884 3256 sanguinem.

200 3493 203 3497 ὓ
266 3388 355 3463 Erat
382 3396 464 3462 tune
492 3391 654 3484 temporie
676 3393 775 3484 juxta
801 3392 904 3466 situm
929 3391 1087 3482 antiquae
1116 3389 1197 3462 eivi-

187 3525 268 3599 tatis
295 3525 413 3598 loeus
441 3523 667 3599 Calvariae
698 3530 792 3598 extra
825 3525 1012 3613 civitatem,
1050 3523 1106 3614 qui
1140 3523 1200 3594 ad·

186 3660 300 3731 (licteus
329 3664 404 3730 erat
431 3660 567 3751 capitali
593 3661 762 3734 sententia
795 3657 979 3750 (lemmatis,
1007 3678 1029 3730 a
1057 3676 1201 3748 qnorum
