2782 4290
135 376 312 444 ‘40

268 558 320 631 lbi
348 558 401 628 est
428 551 563 623 turris
590 547 757 621 Libani.
798 544 848 616 Et
876 545 932 637 qui
958 543 1037 617 illuc
1064 545 1198 617 venerit
1217 565 1286 617 non

272 690 400 762 babens
427 690 564 774 cartam,
593 703 660 754 non
688 681 874 773 pertransit
887 679 1010 769 locum,
1040 677 1118 778 quia
1143 678 1179 750 in
1211 700 1289 752 cus-

271 822 368 894 todia
396 824 446 891 est
472 819 530 890 ille
558 818 666 908 locus,
698 822 732 888 et
761 820 812 886 est
844 814 1041 904 clauom,
1070 811 1131 885 sed
1166 814 1235 885 cito
1261 815 1289 887 si

272 957 403 1030 venerit
432 954 505 1025 sine
533 957 644 1042 carta,
688 948 812 1020 tollunt
848 947 941 1019 illurn
970 946 1059 1020 cives
1088 951 1123 1019 et
1149 948 1290 1020 mittunt

273 1091 316 1161 ad
344 1090 465 1161 urbem
493 1085 629 1175 Tpnum.
687 1083 749 1156 llle
775 1102 870 1154 mons
906 1086 957 1154 est
985 1082 1073 1154 inter
1101 1081 1227 1173 Tyrum
1256 1087 1292 1155 et

272 1220 510 1295 Talamaidam.
568 1218 617 1290 Et
650 1223 729 1291 tunc
762 1217 854 1289 venit
891 1217 1016 1289 itemm
1045 1216 1219 1308 episcopus
1247 1216 1291 1287 ad

274 1356 432 1448 Tyrum.

355 1488 542 1580 Episcopus
570 1485 786 1558 Willibaldus
822 1483 931 1574 prius,
973 1483 1107 1576 quando
1146 1488 1223 1557 erat
1257 1485 1292 1556 in

274 1621 473 1711 Jerusalem,
505 1622 638 1693 emebat
665 1619 726 1692 sibi
753 1618 937 1690 balsamum
966 1621 1000 1689 et
1018 1618 1172 1708 replebat
1185 1640 1287 1693 unam
1364 1706 1369 1723 Α

275 1756 480 1827 munerbam.
538 1753 641 1825 Tollit
680 1773 779 1825 unam
814 1772 972 1842 cannam,
1002 1772 1088 1843 quae
1120 1752 1182 1824 fuit
1209 1774 1287 1825 con-

276 1909 359 1961 cava
394 1892 428 1958 et
459 1888 580 1960 habuit
611 1887 723 1958 imum.
785 1884 881 1958 Illam
914 1885 1059 1977 replevit
1092 1884 1134 1956 de
1167 1891 1287 1978 petrae

278 2022 365 2111 oleo,
396 2025 430 2091 et
457 2017 538 2093 fecit
564 2021 655 2092 intus
691 2021 726 2092 in
752 2021 963 2110 munerbam,
1004 2025 1039 2092 et
1065 2019 1169 2092 secuit
1195 2020 1287 2093 illam

272 2175 412 2228 cannam
429 2175 545 2246 parem
560 2155 754 2245 munerbae,
784 2155 832 2226 ita
860 2160 899 2227 ut
926 2156 960 2225 in
987 2154 1135 2244 margine
1163 2156 1282 2227 ambae

275 2294 371 2363 erant
398 2269 522 2361 similes
549 2289 660 2379 plane,
690 2294 725 2360 et
751 2289 797 2362 sic
824 2289 1002 2361 claudebat
1028 2309 1066 2361 os
1091 2292 1284 2363 munerbae.

275 2422 426 2513 Cumque
454 2422 627 2494 venissent
654 2421 702 2492 illi
729 2423 772 2494 ad
799 2423 917 2496 urbem
944 2421 1083 2514 Tyrum,
1120 2423 1169 2494 illi
1197 2423 1288 2497 cives

275 2556 367 2628 urbis
395 2554 556 2627 tollentes
585 2574 645 2626 eos
673 2557 950 2648 constringebant
978 2561 1015 2628 et
1045 2579 1177 2630 omnem
1206 2558 1288 2631 scir-

276 2688 345 2759 fam
374 2706 492 2758 eorum
520 2687 758 2782 exquirebant,
797 2696 834 2764 ut
871 2691 1079 2782 reperirent,
1108 2691 1136 2764 si
1163 2693 1289 2784 aliquid

278 2821 474 2893 habuissent
502 2821 739 2898 absconditum.
790 2825 838 2896 Et
865 2825 892 2895 si
920 2825 1045 2917 aliquid
1072 2825 1287 2917 invenissent,

203 2955 205 2959 ’
280 2956 347 3026 cito
376 2954 451 3026 illos
476 2957 653 3047 punientes
680 2959 949 3048 martyrizarent.
997 2958 1148 3051 Cumque
1177 2960 1290 3031 omnia

280 3083 494 3179 exquirentes
521 3092 601 3163 nihil
630 3092 834 3163 invenissent
861 3093 923 3165 nisi
949 3093 1160 3184 munerbam,
1190 3114 1289 3185 quam

280 3223 398 3295 babuit
411 3223 634 3314 WillibalduS,
664 3225 755 3295 illam
777 3227 967 3316 aperientes
986 3227 1181 3319 odorabunt,
1199 3227 1290 3318 quod
1325 3324 1329 3330 Ι

278 3358 366 3430 intus
407 3357 532 3431 fuisset.
602 3356 752 3448 Cumque
791 3359 976 3433 odorabant
1009 3367 1128 3451 petrae
1166 3362 1288 3452 oleum,

281 3494 359 3584 quia
391 3492 480 3563 intus
512 3491 546 3562 in
587 3511 691 3563 canna
732 3492 843 3564 fuerat
878 3515 995 3586 supra,
1033 3500 1068 3566 et
1093 3494 1287 3586 balsamum,
