2782 4290
1161 365 1203 430 83

185 544 346 617 monachi
375 542 487 614 XXX.
524 541 706 614 Gradicula
733 543 778 614 ad
805 544 1014 615 subeundum
1040 544 1095 616 vel
1124 544 1201 616 des-

186 677 397 751 cendendum
425 655 490 748 VII
516 676 619 747 millia
646 675 749 749 DCC.

268 811 410 902 Quando
451 810 626 882 descendis
669 811 711 881 de
753 812 944 884 Jerusalem
984 814 1018 882 in
1052 811 1203 885 vallem

185 947 412 1036 Iosophat,
453 943 511 1015 ubi
545 949 600 1015 est
634 945 850 1034 sepulchrum
886 951 1023 1018 sanctae
1061 945 1201 1034 Mariae,

187 1082 294 1152 hahes
330 1075 541 1175 (gradilculo
575 1077 713 1169 CXCV,
756 1080 800 1150 ad
840 1080 952 1150 subire
988 1082 1022 1150 in
1057 1085 1203 1150 montem
1259 1154 1264 1167 ,
1356 1121 1359 1124 -

188 1211 316 1285 Oliveti
343 1210 551 1284 DXXXVII.

271 1348 348 1438 Ipsa
376 1345 559 1418 ecclesia
595 1352 767 1418 sanctae
795 1348 978 1437 Mariae,
1020 1368 1120 1439 quam
1147 1348 1204 1418 ille

187 1491 303 1554 temne
326 1484 440 1551 motus
462 1480 614 1572 (evertit)
634 1482 719 1552 etin
747 1485 873 1566 terram
894 1482 1064 1573 demersit,
1095 1480 1200 1550 hahet

187 1635 380 1688 mensuram
409 1613 450 1686 de
479 1615 641 1686 ambobus
667 1615 830 1688 lateribus
852 1617 884 1687 in
912 1616 1014 1704 longo
1043 1615 1199 1686 dexteros

185 1749 394 1838 XXXVIIII,
425 1748 458 1818 in
486 1769 553 1819 una
578 1747 687 1819 fronto
715 1749 866 1840 XXXV,
895 1771 957 1841 per
991 1749 1138 1819 medium
1166 1747 1199 1816 in

186 1886 331 1955 aduerso
359 1881 502 1972 XXXII,
531 1882 566 1951 in
593 1883 694 1971 longo
722 1905 785 1974 per
811 1883 958 1954 medium
986 1882 1025 1952 L.
1062 1880 1199 1951 Eccle-

186 2019 248 2089 sia
275 2018 316 2086 in
345 2014 591 2088 Bethlehem
623 2017 657 2087 in
690 2018 791 2106 longo
819 2020 981 2089 dexteros
1008 2013 1198 2103 XXXVIII,

186 2152 220 2222 in
249 2148 361 2220 fronte
388 2150 577 2240 superlore,
610 2151 645 2220 in
686 2151 743 2221 illa
782 2173 880 2222 cruce
908 2150 1044 2239 XXlll,
1073 2149 1108 2218 in
1136 2147 1201 2217 alia
1250 2213 1253 2215 ,

186 2285 302 2356 fronte
335 2282 454 2374 XVII,
493 2285 661 2356 columnas
687 2283 868 2357 LXVIIII.
922 2284 986 2354 Illo
1024 2281 1200 2355 ecclesia

188 2419 237 2490 dc
264 2417 489 2509 sepulchro
517 2417 682 2489 Domini
714 2420 746 2489 in
781 2440 865 2509 gyro
901 2418 1058 2488 dexteros
1091 2415 1199 2507 CVII,

186 2553 245 2624 illa
279 2551 400 2623 alcuba
426 2551 540 2622 LIIII.
597 2551 629 2621 A
663 2556 779 2623 sancto
814 2553 991 2645 sepulchro
1025 2573 1130 2641 usque
1158 2549 1221 2628 ad⁴

186 2690 341 2758 sanctum
368 2684 546 2756 calvarium
576 2684 731 2757 dexteros
758 2686 922 2777 XXVIII,
953 2707 973 2756 a
996 2691 1113 2757 sancto
1134 2683 1202 2754 cal·
1304 2690 1307 2697 '

188 2820 284 2892 vario
313 2840 420 2909 nsque
447 2818 504 2888 ubi
532 2824 646 2890 sancto
673 2840 753 2890 crux
779 2819 1013 2910 inventotofuit,
1046 2819 1203 2888 dexteros
1320 2820 1325 2833 “

186 2951 329 3025 XVIIII
312 2953 425 3040 I;int
429 2973 465 3022 cr
485 2960 579 3023 sanct
581 2975 635 3023 um
663 2953 876 3043 sepulchrum
905 2960 939 3023 ct
925 2958 1117 3024 tsanctum
1135 2955 1201 3023 ca-

186 3088 381 3161 variumet
407 3090 502 3157 sanct
503 3108 559 3157 um
594 3087 767 3158 Constant
744 3094 864 3177 itnnm,
907 3087 1087 3159 illorumt
1072 3093 1127 3157 tec
1130 3094 1198 3157 tum

188 3223 222 3292 iu
249 3222 420 3309 integrum
448 3219 551 3292 hahet
586 3222 618 3291 in
632 3222 732 3310 longo
761 3221 916 3292 dexteros
944 3203 1064 3310 XCVI,
1087 3222 1121 3290 in
1138 3220 1198 3289 acl-

189 3375 287 3425 verso
322 3351 432 3424 XXX
496 3353 692 3426 Ecclesia
736 3358 855 3425 sanct
841 3354 1046 3426 taSion
1037 3377 1071 3423 m
1099 3352 1200 3438 longo

188 3489 293 3562 habet
320 3487 480 3559 dexteros
521 3487 773 3579 XXXVIIII,
765 3511 797 3558 m
826 3493 1020 3559 transverso
1049 3485 1173 3556 XXVI

993 3738 1169 3807 6¹⁸.
