2782 4290
1133 393 1196 459 121

186 575 292 653 trium
325 594 506 662 annorum,
542 572 656 647 oblata
683 574 800 664 inisse,
829 579 868 644 ut
894 573 930 644 hi
958 575 1114 647 versiculi
1140 574 1200 647 do·
1329 566 1333 575 ’

186 711 268 780 cent
295 706 422 779 ibidem
446 706 615 795 inscripti:

243 840 662 933 Virginibusseptem
679 842 797 930 virgo
816 841 1017 913 comitata
1034 841 1200 934 puellis,

245 973 461 1048 servitura
486 974 593 1065 Deo,
627 974 709 1046 iuit
740 974 811 1045 hio
837 974 978 1049 oblata
1009 975 1200 1048 triennis.

269 1108 322 1181 lbi
350 1108 486 1201 quidem
512 1129 616 1200 saepe
643 1108 799 1181 solatium
826 1109 1012 1198 angelicum
1039 1109 1201 1201 percepit.

188 1243 292 1318 Unde
319 1263 452 1317 versus:
913 1332 915 1336 Α

245 1377 443 1451 Pascitur
468 1374 662 1464 angelico
690 1375 813 1465 virgo
840 1377 1088 1449 ministerio.

272 1513 334 1585 XI.
349 1508 486 1582 kalend.
516 1508 702 1582 decembris
729 1510 957 1600 praesentatio
985 1511 1108 1584 beatae
1127 1510 1205 1583 Ma-

189 1648 265 1719 riae
294 1644 434 1734 virginis
461 1644 496 1716 in
523 1643 665 1735 templo:
698 1643 906 1748 undehaec
943 1643 1067 1716 dieitur
1089 1647 1204 1720 oratio

190 1782 227 1852 in
255 1779 377 1852 eodem
402 1778 541 1869 templo.
581 1774 708 1848 Oratio.
746 1778 853 1868 Deus,
884 1777 939 1869 qui
966 1783 1114 1850 sanctem
1140 1780 1205 1851 Dei

191 1913 403 2004 genitricem,
431 1911 593 2002 templum
619 1911 755 2000 spiritus
776 1913 891 2002 saneti,
919 1917 999 2003 post
1024 1911 1205 1984 triennium

189 2050 226 2125 in
254 2046 384 2138 templo
410 2044 547 2118 Domini
564 2085 566 2088 ·
578 2047 790 2137 praesentari
811 2045 972 2135 uoluisti,
1001 2047 1133 2135 respice
1161 2046 1205 2117 ad

192 2182 355 2255 devotam
383 2158 446 2251 tio‘i
472 2178 622 2272 plebem,
662 2182 699 2250 et
741 2184 894 2271 praesta,
934 2184 988 2269 ut,
1031 2181 1088 2270 qui
1134 2180 1206 2272 eJus

191 2313 477 2410 praesentationis
502 2313 594 2387 festa
620 2334 840 2404 veneramur,
878 2314 944 2403 ipsi
970 2315 1143 2404 templum,
1171 2314 1206 2384 iu

193 2473 260 2542 quo
308 2448 466 2562 habitare
508 2447 671 2540 digneris,
717 2447 912 2521 efficiamur.
981 2448 1050 2522 Per
1090 2447 1206 2520 Domi-

191 2584 274 2657 num
302 2588 368 2656 eto.

273 2717 330 2791 De
357 2716 484 2806 templo
513 2715 696 2789 vendentes
724 2720 759 2789 et
786 2721 939 2789 ementes
966 2716 1067 2808 ejecit
1093 2717 1208 2787 Domi-

190 2875 254 2926 nus
283 2852 386 2926 Jesus
429 2849 605 2941 Christus,
622 2850 678 2922 ad
705 2851 800 2942 eujus
839 2851 890 2923 rei
916 2849 1074 2922 indicium
1101 2850 1210 2924 adhuo

190 2989 225 3061 iu
252 2987 379 3084 dextra
403 2990 506 3077 parte
534 2984 654 3078 templi
682 2983 872 3070 ostenditur
898 2982 984 3075 lapis
997 3005 1072 3057 cum
1085 3005 1209 3074 magua

191 3119 413 3196 veneratione
441 3118 693 3191 luminariorum
709 3122 744 3189 et
757 3122 904 3208 ornatus,
932 3122 1103 3208 tamquam
1116 3117 1206 3207 pede
1332 3139 1334 3142 ’

191 3255 329 3330 Domini
364 3254 513 3326 calcatus
545 3255 582 3327 et
616 3251 808 3343 insignitus,
848 3251 982 3361 quando
1009 3251 1083 3342 ipse
1120 3251 1209 3323 solus

192 3391 321 3463 virtute
357 3387 473 3460 divina
498 3391 550 3459 tot
576 3384 699 3459 restitit
732 3384 920 3459 hominibus
954 3406 1013 3459 eos
1040 3384 1209 3457 violenter

193 3521 378 3617 ejiciendo:
420 3521 478 3614 qui
514 3521 600 3614 lapis
637 3520 820 3614 adjunctus
857 3526 910 3595 est
945 3517 1067 3608 lapidi,
1108 3537 1210 3608 super

154 3741 162 3746 ,
195 3678 295 3752 quem
322 3663 495 3752 tanqam
521 3657 556 3764 in
582 3656 689 3745 altare
711 3655 903 3750 depingitur
915 3652 1079 3733 Dominus
1093 3653 1210 3730 noster
