<?xml version="1.0" encoding="UTF-8"?>
<!DOCTYPE html PUBLIC "-//W3C//DTD XHTML 1.0 Transitional//EN"
    "http://www.w3.org/TR/xhtml1/DTD/xhtml1-transitional.dtd">
<html xmlns="http://www.w3.org/1999/xhtml" xml:lang="en" lang="en">
 <head>
  <title>
</title>
<meta http-equiv="Content-Type" content="text/html;charset=utf-8" />
  <meta name='ocr-system' content='tesseract 3.04.00' />
  <meta name='ocr-capabilities' content='ocr_page ocr_carea ocr_par ocr_line ocrx_word'/>
</head>
<body>
  <div class='ocr_page' id='page_1' title='image "./descriptioneste01toblgoog_0046.png"; bbox 0 0 2782 4290; ppageno 0'>
   <div class='ocr_carea' id='block_1_1' title="bbox 1163 350 1204 417">
    <p class='ocr_par' dir='ltr' id='par_1_1' title="bbox 1163 350 1204 417">
     <span class='ocr_line' id='line_1_1' title="bbox 1163 350 1204 417; baseline 0.024 -1"><span class='ocrx_word' id='word_1_1' title='bbox 1163 350 1204 417; x_wconf 81' lang='grc'><strong>89</strong></span> 
     </span>
    </p>
   </div>
   <div class='ocr_carea' id='block_1_2' title="bbox 192 672 1204 958">
    <p class='ocr_par' dir='ltr' id='par_1_2' title="bbox 192 672 1204 958">
     <span class='ocr_line' id='line_1_2' title="bbox 192 672 1204 763; baseline 0.013 -26"><span class='ocrx_word' id='word_1_2' title='bbox 192 672 336 740; x_wconf 83' lang='lat' dir='ltr'>XXVIII.</span> <span class='ocrx_word' id='word_1_3' title='bbox 376 675 510 759; x_wconf 76' lang='lat' dir='ltr'><strong>(lampae</strong></span> <span class='ocrx_word' id='word_1_4' title='bbox 531 676 698 757; x_wconf 70' lang='lat' dir='ltr'><strong>Eodrolom</strong></span> <span class='ocrx_word' id='word_1_5' title='bbox 722 677 931 757; x_wconf 80' lang='lat' dir='ltr'><strong>Ptolomaida,</strong></span> <span class='ocrx_word' id='word_1_6' title='bbox 954 685 1204 763; x_wconf 83' lang='lat' dir='ltr'><strong>promontorium</strong></span> 
     </span>
     <span class='ocr_line' id='line_1_3' title="bbox 193 779 1204 875; baseline 0.012 -30"><span class='ocrx_word' id='word_1_7' title='bbox 193 779 310 847; x_wconf 84' lang='lat' dir='ltr'><strong>Album</strong></span> <span class='ocrx_word' id='word_1_8' title='bbox 339 797 408 849; x_wconf 90' lang='lat' dir='ltr'><strong>eum</strong></span> <span class='ocrx_word' id='word_1_9' title='bbox 438 783 526 851; x_wconf 89' lang='lat' dir='ltr'><strong>turri</strong></span> <span class='ocrx_word' id='word_1_10' title='bbox 555 783 683 861; x_wconf 85' lang='lat' dir='ltr'><strong>Libani,</strong></span> <span class='ocrx_word' id='word_1_11' title='bbox 708 784 828 866; x_wconf 76' lang='lat' dir='ltr'><strong>Tyrus,</strong></span> <span class='ocrx_word' id='word_1_12' title='bbox 860 787 1026 854; x_wconf 78' lang='lat' dir='ltr'><strong>fraudatio</strong></span> <span class='ocrx_word' id='word_1_13' title='bbox 1057 807 1126 857; x_wconf 90' lang='lat' dir='ltr'><strong>oum</strong></span> <span class='ocrx_word' id='word_1_14' title='bbox 1153 809 1204 875; x_wconf 81' lang='lat' dir='ltr'><strong>po</strong></span> 
     </span>
     <span class='ocr_line' id='line_1_4' title="bbox 609 891 787 958; baseline -0.017 0"><span class='ocrx_word' id='word_1_15' title='bbox 609 892 682 958; x_wconf 87' lang='lat' dir='ltr'><strong>trae</strong></span> <span class='ocrx_word' id='word_1_16' title='bbox 710 891 787 958; x_wconf 89' lang='lat' dir='ltr'><strong>oleo.</strong></span> 
     </span>
    </p>
   </div>
   <div class='ocr_carea' id='block_1_3' title="bbox 184 1130 1202 2961">
    <p class='ocr_par' dir='ltr' id='par_1_3' title="bbox 184 1130 1202 2961">
     <span class='ocr_line' id='line_1_5' title="bbox 271 1130 1201 1229; baseline 0.011 -26"><span class='ocrx_word' id='word_1_17' title='bbox 271 1130 319 1205; x_wconf 87' lang='lat' dir='ltr'><strong>Et</strong></span> <span class='ocrx_word' id='word_1_18' title='bbox 346 1134 424 1206; x_wconf 88' lang='lat' dir='ltr'><strong>inde</strong></span> <span class='ocrx_word' id='word_1_19' title='bbox 447 1140 789 1224; x_wconf 83' lang='lat' dir='ltr'><strong>perrexeruntsuper</strong></span> <span class='ocrx_word' id='word_1_20' title='bbox 809 1157 988 1229; x_wconf 86' lang='lat' dir='ltr'><strong>campum</strong></span> <span class='ocrx_word' id='word_1_21' title='bbox 1016 1161 1201 1228; x_wconf 89' lang='lat' dir='ltr'><strong>magnum</strong></span> 
     </span>
     <span class='ocr_line' id='line_1_6' title="bbox 189 1267 1202 1366; baseline 0.011 -28"><span class='ocrx_word' id='word_1_22' title='bbox 189 1267 358 1338; x_wconf 87' lang='lat' dir='ltr'><strong>olivarum</strong></span> <span class='ocrx_word' id='word_1_23' title='bbox 384 1268 531 1359; x_wconf 89' lang='lat' dir='ltr'><strong>plenum,</strong></span> <span class='ocrx_word' id='word_1_24' title='bbox 562 1276 596 1340; x_wconf 90' lang='lat' dir='ltr'><strong>et</strong></span> <span class='ocrx_word' id='word_1_25' title='bbox 622 1269 736 1360; x_wconf 90' lang='lat' dir='ltr'><strong>pergit</strong></span> <span class='ocrx_word' id='word_1_26' title='bbox 764 1291 839 1340; x_wconf 88' lang='lat' dir='ltr'><strong>oum</strong></span> <span class='ocrx_word' id='word_1_27' title='bbox 866 1270 930 1342; x_wconf 89' lang='lat' dir='ltr'><strong>illis</strong></span> <span class='ocrx_word' id='word_1_28' title='bbox 950 1293 1035 1344; x_wconf 88' lang='lat' dir='ltr'><strong>unus</strong></span> <span class='ocrx_word' id='word_1_29' title='bbox 1049 1273 1202 1366; x_wconf 82' lang='lat' dir='ltr'><strong>aethiops</strong></span> 
     </span>
     <span class='ocr_line' id='line_1_7' title="bbox 188 1401 1198 1496; baseline 0.005 -24"><span class='ocrx_word' id='word_1_30' title='bbox 188 1422 265 1472; x_wconf 87' lang='lat' dir='ltr'><strong>eum</strong></span> <span class='ocrx_word' id='word_1_31' title='bbox 293 1401 421 1474; x_wconf 87' lang='lat' dir='ltr'><strong>duobus</strong></span> <span class='ocrx_word' id='word_1_32' title='bbox 449 1403 584 1475; x_wconf 87' lang='lat' dir='ltr'><strong>camelis</strong></span> <span class='ocrx_word' id='word_1_33' title='bbox 628 1407 663 1473; x_wconf 91' lang='lat' dir='ltr'><strong>et</strong></span> <span class='ocrx_word' id='word_1_34' title='bbox 698 1423 764 1475; x_wconf 89' lang='lat' dir='ltr'><strong>uno</strong></span> <span class='ocrx_word' id='word_1_35' title='bbox 803 1404 909 1494; x_wconf 88' lang='lat' dir='ltr'><strong>mulo,</strong></span> <span class='ocrx_word' id='word_1_36' title='bbox 952 1407 1010 1496; x_wconf 88' lang='lat' dir='ltr'><strong>qni</strong></span> <span class='ocrx_word' id='word_1_37' title='bbox 1052 1405 1198 1477; x_wconf 86' lang='lat' dir='ltr'><strong>ducebat</strong></span> 
     </span>
     <span class='ocr_line' id='line_1_8' title="bbox 187 1520 1197 1631; baseline 0.008 -28"><span class='ocrx_word' id='word_1_38' title='bbox 187 1555 290 1605; x_wconf 90' lang='lat' dir='ltr'><strong>unam</strong></span> <span class='ocrx_word' id='word_1_39' title='bbox 317 1534 489 1608; x_wconf 87' lang='lat' dir='ltr'><strong>mulierem</strong></span> <span class='ocrx_word' id='word_1_40' title='bbox 504 1520 580 1627; x_wconf 81' lang='lat' dir='ltr'><strong>¹per</strong></span> <span class='ocrx_word' id='word_1_41' title='bbox 597 1537 725 1609; x_wconf 85' lang='lat' dir='ltr'><strong>silvam.</strong></span> <span class='ocrx_word' id='word_1_42' title='bbox 783 1536 935 1631; x_wconf 83' lang='lat' dir='ltr'>Cumque</span> <span class='ocrx_word' id='word_1_43' title='bbox 962 1539 1197 1631; x_wconf 82' lang='lat' dir='ltr'><strong>perrexissent,</strong></span> 
     </span>
     <span class='ocr_line' id='line_1_9' title="bbox 187 1665 1196 1761; baseline 0.005 -22"><span class='ocrx_word' id='word_1_44' title='bbox 187 1665 339 1739; x_wconf 82' lang='lat' dir='ltr'><strong>obviant</strong></span> <span class='ocrx_word' id='word_1_45' title='bbox 370 1667 436 1741; x_wconf 86' lang='lat' dir='ltr'><strong>illis</strong></span> <span class='ocrx_word' id='word_1_46' title='bbox 469 1692 554 1742; x_wconf 88' lang='lat' dir='ltr'><strong>unus</strong></span> <span class='ocrx_word' id='word_1_47' title='bbox 592 1672 661 1759; x_wconf 88' lang='lat' dir='ltr'><strong>leo,</strong></span> <span class='ocrx_word' id='word_1_48' title='bbox 700 1669 770 1760; x_wconf 86' lang='lat' dir='ltr'><strong>qui,</strong></span> <span class='ocrx_word' id='word_1_49' title='bbox 806 1677 925 1760; x_wconf 86' lang='lat' dir='ltr'><strong>aperto</strong></span> <span class='ocrx_word' id='word_1_50' title='bbox 962 1693 1022 1742; x_wconf 89' lang='lat' dir='ltr'><strong>ore</strong></span> <span class='ocrx_word' id='word_1_51' title='bbox 1059 1674 1196 1761; x_wconf 82' lang='lat' dir='ltr'><strong>rugiens</strong></span> 
     </span>
     <span class='ocr_line' id='line_1_10' title="bbox 187 1804 1196 1897; baseline 0.002 -25"><span class='ocrx_word' id='word_1_52' title='bbox 187 1822 374 1892; x_wconf 88' lang='lat' dir='ltr'><strong>raneusque</strong></span> <span class='ocrx_word' id='word_1_53' title='bbox 407 1824 465 1874; x_wconf 88' lang='lat' dir='ltr'><strong>eos</strong></span> <span class='ocrx_word' id='word_1_54' title='bbox 498 1825 620 1895; x_wconf 91' lang='lat' dir='ltr'><strong>rapere</strong></span> <span class='ocrx_word' id='word_1_55' title='bbox 647 1825 687 1877; x_wconf 84' lang='lat' dir='ltr'><strong>aa</strong></span> <span class='ocrx_word' id='word_1_56' title='bbox 715 1804 880 1876; x_wconf 85' lang='lat' dir='ltr'><strong>devorare</strong></span> <span class='ocrx_word' id='word_1_57' title='bbox 910 1807 1061 1897; x_wconf 86' lang='lat' dir='ltr'><strong>capiens,</strong></span> <span class='ocrx_word' id='word_1_58' title='bbox 1098 1805 1196 1876; x_wconf 87' lang='lat' dir='ltr'><strong>valde</strong></span> 
     </span>
     <span class='ocr_line' id='line_1_11' title="bbox 185 1934 1198 2029; baseline 0.002 -24"><span class='ocrx_word' id='word_1_59' title='bbox 185 1934 378 2006; x_wconf 83' lang='lat' dir='ltr'><strong>minabatur</strong></span> <span class='ocrx_word' id='word_1_60' title='bbox 404 1934 478 2008; x_wconf 87' lang='lat' dir='ltr'><strong>illis.</strong></span> <span class='ocrx_word' id='word_1_61' title='bbox 536 1936 630 2008; x_wconf 86' lang='lat' dir='ltr'><strong>Tune</strong></span> <span class='ocrx_word' id='word_1_62' title='bbox 657 1937 714 2010; x_wconf 85' lang='lat' dir='ltr'><strong>ille</strong></span> <span class='ocrx_word' id='word_1_63' title='bbox 747 1937 899 2029; x_wconf 87' lang='lat' dir='ltr'><strong>aethiops</strong></span> <span class='ocrx_word' id='word_1_64' title='bbox 927 1938 1008 2010; x_wconf 85' lang='lat' dir='ltr'><strong>dixit</strong></span> <span class='ocrx_word' id='word_1_65' title='bbox 1034 1940 1079 2010; x_wconf 91' lang='lat' dir='ltr'><strong>ad</strong></span> <span class='ocrx_word' id='word_1_66' title='bbox 1107 1939 1198 2010; x_wconf 91' lang='lat' dir='ltr'><strong>illos:</strong></span> 
     </span>
     <span class='ocr_line' id='line_1_12' title="bbox 186 2055 1198 2162; baseline 0.002 -23"><span class='ocrx_word' id='word_1_67' title='bbox 186 2066 303 2140; x_wconf 89' lang='lat' dir='ltr'><strong>Nolite</strong></span> <span class='ocrx_word' id='word_1_68' title='bbox 331 2069 451 2141; x_wconf 90' lang='lat' dir='ltr'><strong>timere</strong></span> <span class='ocrx_word' id='word_1_69' title='bbox 479 2091 551 2159; x_wconf 82' lang='lat' dir='ltr'><strong>roo,</strong></span> <span class='ocrx_word' id='word_1_70' title='bbox 581 2071 642 2143; x_wconf 86' lang='lat' dir='ltr'><strong>sed</strong></span> <span class='ocrx_word' id='word_1_71' title='bbox 674 2055 854 2162; x_wconf 86' lang='lat' dir='ltr'><strong>pergamus</strong></span> <span class='ocrx_word' id='word_1_72' title='bbox 882 2072 1007 2144; x_wconf 87' lang='lat' dir='ltr'><strong>inante.</strong></span> <span class='ocrx_word' id='word_1_73' title='bbox 1063 2072 1198 2141; x_wconf 87' lang='lat' dir='ltr'><strong>Statim-</strong></span> 
     </span>
     <span class='ocr_line' id='line_1_13' title="bbox 187 2201 1197 2297; baseline 0.001 -25"><span class='ocrx_word' id='word_1_74' title='bbox 187 2223 253 2293; x_wconf 86' lang='lat' dir='ltr'><strong>que</strong></span> <span class='ocrx_word' id='word_1_75' title='bbox 299 2201 348 2273; x_wconf 95' lang='lat' dir='ltr'><strong>illi</strong></span> <span class='ocrx_word' id='word_1_76' title='bbox 394 2209 574 2294; x_wconf 87' lang='lat' dir='ltr'><strong>pergentes</strong></span> <span class='ocrx_word' id='word_1_77' title='bbox 616 2205 971 2297; x_wconf 87' lang='lat' dir='ltr'><strong>appropinquaverant</strong></span> <span class='ocrx_word' id='word_1_78' title='bbox 1012 2205 1070 2275; x_wconf 83' lang='lat' dir='ltr'><strong>ad.</strong></span> <span class='ocrx_word' id='word_1_79' title='bbox 1093 2203 1197 2274; x_wconf 90' lang='lat' dir='ltr'><strong>illum.</strong></span> 
     </span>
     <span class='ocr_line' id='line_1_14' title="bbox 186 2327 1196 2449; baseline 0.001 -42"><span class='ocrx_word' id='word_1_80' title='bbox 186 2336 252 2408; x_wconf 86' lang='lat' dir='ltr'><strong>Ast</strong></span> <span class='ocrx_word' id='word_1_81' title='bbox 277 2335 335 2406; x_wconf 92' lang='lat' dir='ltr'><strong>ille</strong></span> <span class='ocrx_word' id='word_1_82' title='bbox 365 2336 449 2449; x_wconf 68' lang='lat' dir='ltr'><strong>citoz</strong></span> <span class='ocrx_word' id='word_1_83' title='bbox 475 2338 711 2428; x_wconf 87' lang='lat' dir='ltr'><strong>omnipotentis</strong></span> <span class='ocrx_word' id='word_1_84' title='bbox 726 2338 899 2409; x_wconf 85' lang='lat' dir='ltr'><strong>altithroni</strong></span> <span class='ocrx_word' id='word_1_85' title='bbox 913 2337 977 2408; x_wconf 87' lang='lat' dir='ltr'><strong>Dei</strong></span> <span class='ocrx_word' id='word_1_86' title='bbox 990 2327 1196 2429; x_wconf 77' lang='lat' dir='ltr'><strong>adminiculo,</strong></span> 
     </span>
     <span class='ocr_line' id='line_1_15' title="bbox 187 2469 1198 2561; baseline 0.001 -22"><span class='ocrx_word' id='word_1_87' title='bbox 187 2472 220 2540; x_wconf 95' lang='lat' dir='ltr'><strong>in</strong></span> <span class='ocrx_word' id='word_1_88' title='bbox 248 2469 349 2540; x_wconf 92' lang='lat' dir='ltr'><strong>aliam</strong></span> <span class='ocrx_word' id='word_1_89' title='bbox 375 2475 507 2559; x_wconf 88' lang='lat' dir='ltr'><strong>partem</strong></span> <span class='ocrx_word' id='word_1_90' title='bbox 536 2470 683 2561; x_wconf 90' lang='lat' dir='ltr'><strong>divertit,</strong></span> <span class='ocrx_word' id='word_1_91' title='bbox 724 2478 758 2542; x_wconf 90' lang='lat' dir='ltr'><strong>et</strong></span> <span class='ocrx_word' id='word_1_92' title='bbox 784 2470 913 2542; x_wconf 88' lang='lat' dir='ltr'><strong>latabat</strong></span> <span class='ocrx_word' id='word_1_93' title='bbox 940 2471 1004 2541; x_wconf 92' lang='lat' dir='ltr'><strong>illis</strong></span> <span class='ocrx_word' id='word_1_94' title='bbox 1033 2472 1129 2560; x_wconf 84' lang='lat' dir='ltr'><strong>viam,</strong></span> <span class='ocrx_word' id='word_1_95' title='bbox 1159 2475 1198 2542; x_wconf 90' lang='lat' dir='ltr'><strong>ut</strong></span> 
     </span>
     <span class='ocr_line' id='line_1_16' title="bbox 184 2601 1196 2696; baseline 0.001 -23"><span class='ocrx_word' id='word_1_96' title='bbox 184 2607 380 2696; x_wconf 83' lang='lat' dir='ltr'><strong>pergerent.</strong></span> <span class='ocrx_word' id='word_1_97' title='bbox 436 2601 483 2674; x_wconf 89' lang='lat' dir='ltr'><strong>Et</strong></span> <span class='ocrx_word' id='word_1_98' title='bbox 517 2603 569 2675; x_wconf 81' lang='lat' dir='ltr'><strong>sia</strong></span> <span class='ocrx_word' id='word_1_99' title='bbox 590 2604 764 2693; x_wconf 84' lang='lat' dir='ltr'><strong>dixerunt,</strong></span> <span class='ocrx_word' id='word_1_100' title='bbox 808 2610 844 2673; x_wconf 91' lang='lat' dir='ltr'><strong>at</strong></span> <span class='ocrx_word' id='word_1_101' title='bbox 870 2608 1090 2695; x_wconf 83' lang='lat' dir='ltr'><strong>posteaquam</strong></span> <span class='ocrx_word' id='word_1_102' title='bbox 1118 2605 1196 2677; x_wconf 88' lang='lat' dir='ltr'><strong>inde</strong></span> 
     </span>
     <span class='ocr_line' id='line_1_17' title="bbox 184 2736 1198 2829; baseline 0.002 -21"><span class='ocrx_word' id='word_1_103' title='bbox 184 2736 390 2829; x_wconf 82' lang='lat' dir='ltr'><strong>pergebant,</strong></span> <span class='ocrx_word' id='word_1_104' title='bbox 424 2742 503 2829; x_wconf 85' lang='lat' dir='ltr'><strong>post</strong></span> <span class='ocrx_word' id='word_1_105' title='bbox 538 2739 694 2828; x_wconf 88' lang='lat' dir='ltr'><strong>pusillam</strong></span> <span class='ocrx_word' id='word_1_106' title='bbox 732 2738 915 2809; x_wconf 88' lang='lat' dir='ltr'><strong>audiebant</strong></span> <span class='ocrx_word' id='word_1_107' title='bbox 941 2738 1034 2809; x_wconf 91' lang='lat' dir='ltr'><strong>illum</strong></span> <span class='ocrx_word' id='word_1_108' title='bbox 1067 2739 1198 2810; x_wconf 91' lang='lat' dir='ltr'><strong>leonem</strong></span> 
     </span>
     <span class='ocr_line' id='line_1_18' title="bbox 186 2871 1198 2961; baseline 0.002 -19"><span class='ocrx_word' id='word_1_109' title='bbox 186 2891 344 2960; x_wconf 88' lang='lat' dir='ltr'><strong>magnum</strong></span> <span class='ocrx_word' id='word_1_110' title='bbox 371 2871 534 2959; x_wconf 89' lang='lat' dir='ltr'><strong>mugitum</strong></span> <span class='ocrx_word' id='word_1_111' title='bbox 562 2871 652 2961; x_wconf 89' lang='lat' dir='ltr'><strong>dare,</strong></span> <span class='ocrx_word' id='word_1_112' title='bbox 682 2872 739 2961; x_wconf 87' lang='lat' dir='ltr'><strong>ita,</strong></span> <span class='ocrx_word' id='word_1_113' title='bbox 769 2876 806 2941; x_wconf 88' lang='lat' dir='ltr'><strong>ut</strong></span> <span class='ocrx_word' id='word_1_114' title='bbox 833 2893 956 2942; x_wconf 87' lang='lat' dir='ltr'><strong>raneos</strong></span> <span class='ocrx_word' id='word_1_115' title='bbox 989 2873 1113 2943; x_wconf 88' lang='lat' dir='ltr'><strong>multos</strong></span> <span class='ocrx_word' id='word_1_116' title='bbox 1141 2872 1198 2943; x_wconf 89' lang='lat' dir='ltr'><strong>de·</strong></span> 
     </span>
    </p>
   </div>
   <div class='ocr_carea' id='block_1_4' title="bbox 185 3004 1198 3630">
    <p class='ocr_par' dir='ltr' id='par_1_4' title="bbox 185 3004 1198 3630">
     <span class='ocr_line' id='line_1_19' title="bbox 189 3004 1197 3095; baseline 0.001 -21"><span class='ocrx_word' id='word_1_117' title='bbox 189 3009 326 3076; x_wconf 88' lang='lat' dir='ltr'><strong>voraret</strong></span> <span class='ocrx_word' id='word_1_118' title='bbox 353 3004 485 3075; x_wconf 85' lang='lat' dir='ltr'><strong>illorum</strong></span> <span class='ocrx_word' id='word_1_119' title='bbox 514 3004 693 3094; x_wconf 90' lang='lat' dir='ltr'><strong>hominum,</strong></span> <span class='ocrx_word' id='word_1_120' title='bbox 725 3005 783 3094; x_wconf 89' lang='lat' dir='ltr'><strong>qui</strong></span> <span class='ocrx_word' id='word_1_121' title='bbox 816 3004 1005 3095; x_wconf 84' lang='lat' dir='ltr'><strong>pergebant</strong></span> <span class='ocrx_word' id='word_1_122' title='bbox 1035 3005 1197 3077; x_wconf 89' lang='lat' dir='ltr'><strong>olivarum</strong></span> 
     </span>
     <span class='ocr_line' id='line_1_20' title="bbox 187 3106 1197 3228; baseline -0.001 -19"><span class='ocrx_word' id='word_1_123' title='bbox 187 3136 349 3226; x_wconf 84' lang='lat' dir='ltr'><strong>colligere</strong></span> <span class='ocrx_word' id='word_1_124' title='bbox 376 3136 517 3222; x_wconf 71' lang='lat' dir='ltr'><strong>fruetus²</strong></span> <span class='ocrx_word' id='word_1_125' title='bbox 571 3138 653 3210; x_wconf 92' lang='lat' dir='ltr'><strong>Inde</strong></span> <span class='ocrx_word' id='word_1_126' title='bbox 680 3143 861 3228; x_wconf 88' lang='lat' dir='ltr'><strong>pergentes</strong></span> <span class='ocrx_word' id='word_1_127' title='bbox 889 3106 1112 3209; x_wconf 84' lang='lat' dir='ltr'><strong>veneruntad</strong></span> <span class='ocrx_word' id='word_1_128' title='bbox 1141 3159 1197 3208; x_wconf 90' lang='lat' dir='ltr'><strong>ur-</strong></span> 
     </span>
     <span class='ocr_line' id='line_1_21' title="bbox 186 3271 1196 3363; baseline -0.009 -17"><span class='ocrx_word' id='word_1_129' title='bbox 186 3275 273 3363; x_wconf 88' lang='lat' dir='ltr'><strong>bem,</strong></span> <span class='ocrx_word' id='word_1_130' title='bbox 305 3293 391 3362; x_wconf 91' lang='lat' dir='ltr'><strong>quae</strong></span> <span class='ocrx_word' id='word_1_131' title='bbox 420 3276 561 3343; x_wconf 90' lang='lat' dir='ltr'><strong>voeatnr</strong></span> <span class='ocrx_word' id='word_1_132' title='bbox 589 3271 845 3363; x_wconf 81' lang='lat' dir='ltr'><strong>Talamaida‚</strong></span> <span class='ocrx_word' id='word_1_133' title='bbox 880 3273 914 3343; x_wconf 95' lang='lat' dir='ltr'><strong>in</strong></span> <span class='ocrx_word' id='word_1_134' title='bbox 941 3273 1057 3343; x_wconf 90' lang='lat' dir='ltr'><strong>littore</strong></span> <span class='ocrx_word' id='word_1_135' title='bbox 1085 3271 1196 3340; x_wconf 84' lang='lat' dir='ltr'><strong>maris.</strong></span> 
     </span>
     <span class='ocr_line' id='line_1_22' title="bbox 185 3401 1198 3497; baseline -0.008 -19"><span class='ocrx_word' id='word_1_136' title='bbox 185 3406 233 3478; x_wconf 83' lang='lat' dir='ltr'><strong>Et</strong></span> <span class='ocrx_word' id='word_1_137' title='bbox 260 3406 338 3478; x_wconf 90' lang='lat' dir='ltr'><strong>inde</strong></span> <span class='ocrx_word' id='word_1_138' title='bbox 367 3404 577 3477; x_wconf 90' lang='lat' dir='ltr'><strong>ambulantes</strong></span> <span class='ocrx_word' id='word_1_139' title='bbox 605 3410 773 3478; x_wconf 88' lang='lat' dir='ltr'><strong>venerunt</strong></span> <span class='ocrx_word' id='word_1_140' title='bbox 801 3406 844 3476; x_wconf 87' lang='lat' dir='ltr'><strong>ad</strong></span> <span class='ocrx_word' id='word_1_141' title='bbox 872 3412 972 3497; x_wconf 87' lang='lat' dir='ltr'><strong>capnt</strong></span> <span class='ocrx_word' id='word_1_142' title='bbox 991 3403 1122 3489; x_wconf 88' lang='lat' dir='ltr'><strong>Libani,</strong></span> <span class='ocrx_word' id='word_1_143' title='bbox 1143 3401 1198 3472; x_wconf 92' lang='lat' dir='ltr'><strong>ubi</strong></span> 
     </span>
     <span class='ocr_line' id='line_1_23' title="bbox 186 3533 1194 3630; baseline -0.01 -19"><span class='ocrx_word' id='word_1_144' title='bbox 186 3540 244 3612; x_wconf 92' lang='lat' dir='ltr'><strong>ille</strong></span> <span class='ocrx_word' id='word_1_145' title='bbox 285 3561 383 3611; x_wconf 87' lang='lat' dir='ltr'><strong>mons</strong></span> <span class='ocrx_word' id='word_1_146' title='bbox 418 3540 452 3609; x_wconf 92' lang='lat' dir='ltr'><strong>in</strong></span> <span class='ocrx_word' id='word_1_147' title='bbox 485 3560 579 3610; x_wconf 87' lang='lat' dir='ltr'><strong>mare</strong></span> <span class='ocrx_word' id='word_1_148' title='bbox 615 3539 727 3629; x_wconf 88' lang='lat' dir='ltr'><strong>vadit,</strong></span> <span class='ocrx_word' id='word_1_149' title='bbox 770 3545 805 3611; x_wconf 90' lang='lat' dir='ltr'><strong>et</strong></span> <span class='ocrx_word' id='word_1_150' title='bbox 839 3546 890 3611; x_wconf 90' lang='lat' dir='ltr'><strong>est</strong></span> <span class='ocrx_word' id='word_1_151' title='bbox 917 3533 1194 3630; x_wconf 88' lang='lat' dir='ltr'><strong>promontorium.</strong></span> 
     </span>
    </p>
   </div>
   <div class='ocr_carea' id='block_1_5' title="bbox 0 0 1396 4290">
    <p class='ocr_par' dir='ltr' id='par_1_5' title="bbox 0 0 1396 4290">
     <span class='ocr_line' id='line_1_24' title="bbox 0 0 1396 4290; baseline 0 1"><span class='ocrx_word' id='word_1_152' title='bbox 0 0 1396 4290; x_wconf 95' lang='lat' dir='ltr'><strong> </strong></span> 
     </span>
    </p>
   </div>
  </div>
 </body>
</html>
