2782 4290
190 392 253 458 194

186 575 230 647 od
269 575 401 664 locum,
452 572 520 645 uhi
562 573 735 646 inventa
786 571 849 644 luit
894 577 1041 644 sancta
1083 592 1194 643 crux.

187 707 318 780 Deinde
344 707 379 778 in
405 706 515 778 medio
543 706 635 778 chori
662 706 907 795 canonicorum,
937 704 984 778 ibi
1003 710 1064 789 est
1091 705 1194 794 loona,

187 844 244 915 uhi
271 840 435 914 Dominus
462 845 579 914 noster
604 840 734 931 positus
761 844 827 931 est,
858 840 991 931 quando
1020 840 1063 911 dc
1099 861 1197 930 cruce

189 976 386 1068 deportatus
414 973 503 1073 fuit,
530 975 701 1046 involutus
733 975 767 1045 in
795 974 918 1046 sudore
947 973 1135 1072 (sindone),
1164 980 1199 1044 et

187 1110 311 1182 dicitur
342 1109 408 1181 iste
442 1108 533 1181 locus
566 1107 742 1182 medium
776 1108 922 1179 mundi.
978 1107 1028 1179 Et
1065 1107 1108 1179 de
1142 1106 1199 1176 illo

188 1244 264 1314 loco
297 1241 363 1314 fuit
399 1247 553 1333 portatus
591 1241 635 1314 ad
661 1248 812 1315 sanctum
840 1243 1067 1334 sepulchrum,
1103 1241 1201 1312 etin

189 1374 327 1448 introitu
354 1375 460 1446 sancti
487 1375 655 1468 sepulchri
682 1380 734 1448 est
759 1377 863 1466 locus,
892 1397 994 1468 super
1022 1395 1122 1465 quem
1150 1395 1203 1445 se-

190 1509 295 1581 debat
322 1508 474 1600 augelus,
504 1509 638 1600 quando
660 1510 822 1585 Dominus
848 1516 963 1585 noster
984 1515 1060 1584 erat
1086 1509 1132 1600 in¹
1149 1530 1202 1579 se-

189 1641 342 1732 pulchro.

91 1809 98 1833 o
159 1800 164 1805 ’
269 1777 398 1848 Postea
430 1776 580 1850 venimus
615 1777 660 1850 ad
693 1781 874 1850 montem
908 1776 1026 1869 Sion,-
1063 1779 1121 1852 ubi
1154 1783 1206 1849 est

191 1910 320 2002 eapella
339 1911 444 1982 saneti
461 1911 646 2002 salvatoris
678 1933 764 2002 quae
788 1912 912 1984 dicitur
938 1912 1203 2002 praetorium
1239 1896 1246 1901 ’

190 2044 334 2118 Pilati.
373 2044 423 2117 lbi
450 2042 514 2118 suit
535 2045 697 2118 Dominus
723 2051 839 2119 noster
865 2052 1054 2138 coronatus,
1083 2046 1205 2135 ligatus

193 2185 230 2254 et
258 2183 444 2269 consputus
472 2184 507 2252 et
529 2179 698 2270 judicatus
718 2200 740 2252 a
757 2180 878 2254 Pilato.
917 2180 1046 2254 Postea
1068 2179 1205 2252 veniens

192 2314 235 2385 ad
263 2314 389 2407 locum,
432 2312 500 2385 ubi
535 2313 735 2403 migravit
766 2314 870 2387 beata
903 2314 1023 2404 virgo
1052 2312 1201 2387 Maria.

191 2447 324 2521 Deinde
352 2446 409 2518 ubi
436 2446 636 2520 Dominus
663 2453 778 2521 noster
806 2447 1023 2539 coenavit,
1060 2453 1098 2553 et
1126 2447 1204 2519 lecit

193 2580 385 2653 mandatum
424 2601 521 2652 suum
561 2601 638 2652 cum
676 2581 861 2674 discipulis,
904 2586 941 2653 et
977 2581 1061 2654 lavit
1100 2580 1204 2673 pedes

194 2735 321 2803 eorum,
341 2718 374 2785 et
391 2714 437 2785 ibi
459 2719 511 2786 est
528 2713 630 2806 loeuS,
654 2716 710 2788 ubi
739 2737 889 2809 eorpus
917 2715 1202 2804 consecravit,

195 2852 229 2918 et
269 2848 327 2920 ubi
366 2849 459 2922 venit
493 2849 607 2942 januis
644 2849 763 2922 clausis
803 2854 881 2940 post
920 2849 1204 2923 resurrectionem

194 3003 297 3075 suam,
327 2988 363 3055 et
390 2983 475 3055 dixit
502 2983 568 3056 eis:
596 2981 677 3055 Poro
695 2983 798 3056 vohis.
834 2983 881 3055 Et
907 2985 955 3056 ibi
982 2982 1204 3057 descendit

194 3117 377 3207 spiritus
404 3121 577 3189 sanctus
604 3139 705 3210 super
731 3119 911 3211 discipulos
938 3119 973 3189 in
1001 3117 1057 3188 die
1085 3123 1203 3210 pente·

195 3256 316 3324 costes.
382 3251 511 3323 Postea
551 3252 724 3324 inveniens
773 3252 1042 3345 sepulchrum
1092 3252 1204 3341 regis

193 3384 331 3457 David
375 3390 409 3458 et
455 3385 669 3476 sepulchrum
716 3384 948 3458 Salomonis
998 3391 1034 3458 et
1075 3385 1203 3460 sancti

196 3518 401 3610 Stephani
428 3521 702 3611 protomartyris,
733 3521 843 3595 et'ubi
865 3525 998 3593 sanetus
1016 3519 1203 3626 Stephanus

196 3655 249 3736 est
292 3653 478 3726 ordinatus.
541 3654 672 3728 Deinde
711 3655 850 3728 veniens
889 3654 935 3727 ad
968 3653 1095 3746 locum,
1136 3651 1201 3725 uhi
