2782 4290
1064 378 1069 479 Ῐ
1181 427 1201 492 5

191 602 317 690 bilique
350 602 422 674 vita
455 622 572 673 eorum
606 624 673 672 non
709 602 875 673 salumin
905 604 1050 702 actibuS,
1079 607 1138 676 sed
1167 613 1200 676 et

192 736 225 804 111
272 734 452 806 itineribus
502 734 604 806 variis
657 734 912 825 multifariisque
961 737 1200 810 miraculorum

192 866 474 953 magnitudinibus
531 866 683 956 perfecte
740 866 1024 957 proficiscentium
1077 869 1200 960 aliquid

192 999 374 1070 memoriae
387 1000 522 1087 dignum
543 999 678 1071 lectoris
704 1000 838 1089 legendi
860 1001 1011 1072 manibus
1026 1002 1199 1093 imponere

192 1154 244 1203 me
272 1132 365 1203 libet.
406 1131 555 1222 Quorum
573 1133 662 1203 alter
677 1154 826 1205 summae
840 1134 1061 1206 sacerdotalis
1074 1133 1200 1207 infulae

192 1264 436 1355 pastoralisque
465 1287 565 1337 curae
592 1268 835 1356 praerogativa
853 1267 1034 1356 praelatus
1065 1268 1200 1341 inclitus

194 1397 377 1487 crucicola,
414 1419 554 1487 magnus
587 1399 748 1488 magister
774 1399 1005 1490 Willibaldus,
1036 1405 1071 1472 et
1098 1403 1199 1490 alter,

192 1536 307 1602 rectae
346 1532 524 1605 soliditatis
562 1532 629 1604 iter
669 1515 848 1623 arripiens,
889 1553 996 1622 prava
1037 1534 1195 1625 dirigens

193 1663 358 1736 indirecta
384 1686 569 1756 asperaque
597 1664 725 1738 ferocia
751 1667 855 1756 polite
869 1666 1047 1758 planitans,
1078 1669 1200 1759 spissas

190 1818 369 1887 pravorum
396 1798 573 1887 gentilium
601 1804 827 1890 potervasque
854 1807 1074 1892 peccatorum
1102 1811 1212 1889 spur-'

192 1931 285 2002 citios
312 1954 379 2002 non
408 1931 533 2022 deside,
563 1932 677 2022 tepide
692 1933 852 2004 titubanti
867 1937 992 2020 mente,
1022 1933 1093 2022 scd,
1112 1932 1199 2004 felici

190 2065 389 2137 temeritatis
416 2065 558 2136 audacia
588 2065 778 2156 procaciter
811 2087 975 2154 supernae
1004 2067 1199 2154 sagacitatis

189 2198 261 2270 zelo
289 2200 356 2272 rite
383 2200 576 2289 roboratus
618 2199 762 2269 instante
799 2197 914 2269 labore
943 2200 1055 2268 omnia
1084 2198 1198 2268 exina-

173 2333 282 2432 nivit.
352 2332 416 2423 Qui
460 2332 659 2405 sacerdotali
703 2351 837 2420 quoque
879 2331 1049 2420 praelatus
1094 2329 1199 2401 infula

188 2467 414 2556 pastoralique
434 2471 647 2555 computatus
660 2465 791 2536 bonore
818 2464 921 2536 abbas
949 2470 1021 2534 crat
1046 2465 1197 2554 praeela-

186 2620 307 2689 rusque
346 2599 537 2671 christicola
574 2599 814 2670 Wunebaldus.
872 2596 944 2669 Ista
982 2598 1094 2667 omnia
1133 2618 1197 2686 per

187 2733 278 2803 albas
312 2753 503 2823 camporum
537 2732 711 2822 planities,
748 2732 878 2802 sulcato
907 2730 1042 2802 tramite
1054 2785 1067 2820 ,.
1101 2730 1198 2817 nigra

187 2871 344 2952 perarata
354 2887 486 2956 pennae
513 2866 658 2954 vestigia
685 2866 821 2954 scripta,
853 2868 968 2936 vestra
994 2884 1197 2934 caracenam

187 2999 327 3070 scientia
375 3005 605 3090 praesentata,
658 3003 777 3070 contra
828 3018 944 3068 omnes
991 2997 1197 3066 aemulorum

111 3154 114 3159 ·
190 3132 461 3224 vituperationes
490 3134 558 3205 Dei
568 3135 679 3224 gratia
703 3137 884 3221 vestraque
912 3152 974 3220 per
994 3130 1103 3200 omnia
1119 3148 1197 3219 pro-

189 3266 346 3338 tectionis
378 3288 509 3358 parma,
539 3274 575 3340 et
609 3268 713 3339 nibilo
746 3267 854 3338 minus
880 3262 1033 3354 placidae
1062 3267 1196 3334 vestrae

187 3400 457 3472 commendamus
497 3401 718 3492 perceptioni,
765 3405 803 3471 ut
846 3400 880 3468 in
921 3396 1073 3467 omnibus
1113 3394 1197 3465 laeti

95 3527 100 3540 '
160 3560 166 3571 ·
186 3531 360 3604 laudemus
373 3555 434 3605 nos
451 3534 661 3623 liberantem,
691 3533 778 3605 dona
791 3533 992 3604 tribuentem
1009 3528 1195 3599 Dominum.
