<?xml version="1.0" encoding="UTF-8"?>
<!DOCTYPE html PUBLIC "-//W3C//DTD XHTML 1.0 Transitional//EN"
    "http://www.w3.org/TR/xhtml1/DTD/xhtml1-transitional.dtd">
<html xmlns="http://www.w3.org/1999/xhtml" xml:lang="en" lang="en">
 <head>
  <title>
</title>
<meta http-equiv="Content-Type" content="text/html;charset=utf-8" />
  <meta name='ocr-system' content='tesseract 3.04.00' />
  <meta name='ocr-capabilities' content='ocr_page ocr_carea ocr_par ocr_line ocrx_word'/>
</head>
<body>
  <div class='ocr_page' id='page_1' title='image "./descriptioneste01toblgoog_0273.png"; bbox 0 0 2782 4290; ppageno 0'>
   <div class='ocr_carea' id='block_1_1' title="bbox 252 352 375 464">
    <p class='ocr_par' dir='ltr' id='par_1_1' title="bbox 252 352 375 464">
     <span class='ocr_line' id='line_1_1' title="bbox 252 352 375 464; baseline -0.008 0"><span class='ocrx_word' id='word_1_1' title='bbox 252 352 255 361; x_wconf 68' lang='grc'>’</span> <span class='ocrx_word' id='word_1_2' title='bbox 310 373 375 464; x_wconf 81' lang='lat' dir='ltr'>aaa</span> 
     </span>
    </p>
   </div>
   <div class='ocr_carea' id='block_1_2' title="bbox 27 573 1385 3750">
    <p class='ocr_par' dir='ltr' id='par_1_2' title="bbox 27 573 1385 3750">
     <span class='ocr_line' id='line_1_2' title="bbox 296 573 1319 671; baseline 0.003 -23"><span class='ocrx_word' id='word_1_3' title='bbox 296 579 443 651; x_wconf 70' lang='lat' dir='ltr'>uiduam</span> <span class='ocrx_word' id='word_1_4' title='bbox 478 586 700 671; x_wconf 82' lang='lat' dir='ltr'>sareptanam.</span> <span class='ocrx_word' id='word_1_5' title='bbox 764 580 896 656; x_wconf 84' lang='lat' dir='ltr'>Deinde</span> <span class='ocrx_word' id='word_1_6' title='bbox 935 600 1002 651; x_wconf 92' lang='lat' dir='ltr'>non</span> <span class='ocrx_word' id='word_1_7' title='bbox 1035 573 1135 669; x_wconf 87' lang='lat' dir='ltr'>longe</span> <span class='ocrx_word' id='word_1_8' title='bbox 1173 585 1226 652; x_wconf 88' lang='lat' dir='ltr'>est</span> <span class='ocrx_word' id='word_1_9' title='bbox 1261 601 1319 651; x_wconf 88' lang='lat' dir='ltr'>ca-</span> 
     </span>
     <span class='ocr_line' id='line_1_3' title="bbox 305 712 1316 806; baseline 0.001 -22"><span class='ocrx_word' id='word_1_10' title='bbox 305 714 404 804; x_wconf 88' lang='lat' dir='ltr'>pella,</span> <span class='ocrx_word' id='word_1_11' title='bbox 434 713 489 785; x_wconf 91' lang='lat' dir='ltr'>ubi</span> <span class='ocrx_word' id='word_1_12' title='bbox 516 713 620 785; x_wconf 89' lang='lat' dir='ltr'>filium</span> <span class='ocrx_word' id='word_1_13' title='bbox 650 716 721 806; x_wconf 88' lang='lat' dir='ltr'>ejus</span> <span class='ocrx_word' id='word_1_14' title='bbox 749 717 976 788; x_wconf 75' lang='lat' dir='ltr'>resuscitavit.</span> <span class='ocrx_word' id='word_1_15' title='bbox 1016 713 1069 785; x_wconf 91' lang='lat' dir='ltr'>De</span> <span class='ocrx_word' id='word_1_16' title='bbox 1086 712 1244 802; x_wconf 77' lang='lat' dir='ltr'>Sarepta</span> <span class='ocrx_word' id='word_1_17' title='bbox 1272 712 1316 785; x_wconf 89' lang='lat' dir='ltr'>ad</span> 
     </span>
     <span class='ocr_line' id='line_1_4' title="bbox 305 847 1313 950; baseline -0.001 -33"><span class='ocrx_word' id='word_1_18' title='bbox 305 847 388 917; x_wconf 90' lang='lat' dir='ltr'>duas</span> <span class='ocrx_word' id='word_1_19' title='bbox 420 847 535 950; x_wconf 84' lang='lat' dir='ltr'>leucas</span> <span class='ocrx_word' id='word_1_20' title='bbox 570 854 620 920; x_wconf 91' lang='lat' dir='ltr'>est</span> <span class='ocrx_word' id='word_1_21' title='bbox 648 848 792 939; x_wconf 84' lang='lat' dir='ltr'>Sidon,</span> <span class='ocrx_word' id='word_1_22' title='bbox 827 850 946 921; x_wconf 88' lang='lat' dir='ltr'>civitas</span> <span class='ocrx_word' id='word_1_23' title='bbox 980 847 1149 938; x_wconf 89' lang='lat' dir='ltr'>quondam</span> <span class='ocrx_word' id='word_1_24' title='bbox 1182 867 1313 936; x_wconf 87' lang='lat' dir='ltr'>magna,</span> 
     </span>
     <span class='ocr_line' id='line_1_5' title="bbox 305 978 1315 1071; baseline -0.003 -20"><span class='ocrx_word' id='word_1_25' title='bbox 305 981 401 1071; x_wconf 89' lang='lat' dir='ltr'>cujus</span> <span class='ocrx_word' id='word_1_26' title='bbox 428 981 693 1069; x_wconf 84' lang='lat' dir='ltr'>magnitudinem</span> <span class='ocrx_word' id='word_1_27' title='bbox 711 983 828 1053; x_wconf 90' lang='lat' dir='ltr'>ruinae</span> <span class='ocrx_word' id='word_1_28' title='bbox 857 1004 1029 1053; x_wconf 91' lang='lat' dir='ltr'>murorum</span> <span class='ocrx_word' id='word_1_29' title='bbox 1051 979 1207 1052; x_wconf 90' lang='lat' dir='ltr'>indicant.</span> <span class='ocrx_word' id='word_1_30' title='bbox 1247 978 1315 1049; x_wconf 87' lang='lat' dir='ltr'>Est</span> 
     </span>
     <span class='ocr_line' id='line_1_6' title="bbox 304 1111 1315 1206; baseline -0.002 -23"><span class='ocrx_word' id='word_1_31' title='bbox 304 1113 376 1184; x_wconf 86' lang='lat' dir='ltr'>fere</span> <span class='ocrx_word' id='word_1_32' title='bbox 397 1118 471 1185; x_wconf 89' lang='lat' dir='ltr'>tota</span> <span class='ocrx_word' id='word_1_33' title='bbox 498 1115 532 1183; x_wconf 95' lang='lat' dir='ltr'>in</span> <span class='ocrx_word' id='word_1_34' title='bbox 553 1113 653 1186; x_wconf 90' lang='lat' dir='ltr'>corde</span> <span class='ocrx_word' id='word_1_35' title='bbox 681 1117 781 1187; x_wconf 91' lang='lat' dir='ltr'>maris</span> <span class='ocrx_word' id='word_1_36' title='bbox 809 1116 884 1206; x_wconf 85' lang='lat' dir='ltr'>sita,</span> <span class='ocrx_word' id='word_1_37' title='bbox 915 1116 1041 1188; x_wconf 88' lang='lat' dir='ltr'>habens</span> <span class='ocrx_word' id='word_1_38' title='bbox 1068 1112 1226 1186; x_wconf 84' lang='lat' dir='ltr'>hincinde</span> <span class='ocrx_word' id='word_1_39' title='bbox 1249 1111 1315 1182; x_wconf 95' lang='lat' dir='ltr'>duo</span> 
     </span>
     <span class='ocr_line' id='line_1_7' title="bbox 305 1245 1319 1338; baseline -0.004 -21"><span class='ocrx_word' id='word_1_40' title='bbox 305 1246 457 1335; x_wconf 87' lang='lat' dir='ltr'>castella,</span> <span class='ocrx_word' id='word_1_41' title='bbox 494 1267 595 1317; x_wconf 91' lang='lat' dir='ltr'>unum</span> <span class='ocrx_word' id='word_1_42' title='bbox 629 1249 662 1333; x_wconf 87' lang='lat' dir='ltr'>in</span> <span class='ocrx_word' id='word_1_43' title='bbox 690 1249 774 1321; x_wconf 89' lang='lat' dir='ltr'>colle</span> <span class='ocrx_word' id='word_1_44' title='bbox 810 1255 931 1322; x_wconf 89' lang='lat' dir='ltr'>contra</span> <span class='ocrx_word' id='word_1_45' title='bbox 958 1267 1129 1338; x_wconf 89' lang='lat' dir='ltr'>campum,</span> <span class='ocrx_word' id='word_1_46' title='bbox 1164 1245 1258 1315; x_wconf 93' lang='lat' dir='ltr'>aliud</span> <span class='ocrx_word' id='word_1_47' title='bbox 1285 1245 1319 1314; x_wconf 93' lang='lat' dir='ltr'>in</span> 
     </span>
     <span class='ocr_line' id='line_1_8' title="bbox 304 1378 1385 1471; baseline -0.004 -20"><span class='ocrx_word' id='word_1_48' title='bbox 304 1401 388 1471; x_wconf 85' lang='lat' dir='ltr'>rupe</span> <span class='ocrx_word' id='word_1_49' title='bbox 416 1381 526 1469; x_wconf 88' lang='lat' dir='ltr'>maris,</span> <span class='ocrx_word' id='word_1_50' title='bbox 557 1380 646 1469; x_wconf 92' lang='lat' dir='ltr'>quod</span> <span class='ocrx_word' id='word_1_51' title='bbox 668 1382 838 1471; x_wconf 92' lang='lat' dir='ltr'>quondam</span> <span class='ocrx_word' id='word_1_52' title='bbox 866 1382 1132 1454; x_wconf 85' lang='lat' dir='ltr'>aedificaverunt</span> <span class='ocrx_word' id='word_1_53' title='bbox 1164 1378 1321 1449; x_wconf 81' lang='lat' dir='ltr'>teutonici</span> <span class='ocrx_word' id='word_1_54' title='bbox 1382 1459 1385 1466; x_wconf 23' lang='lat'>¹</span> 
     </span>
     <span class='ocr_line' id='line_1_9' title="bbox 306 1511 1321 1607; baseline -0.004 -23"><span class='ocrx_word' id='word_1_55' title='bbox 306 1513 488 1604; x_wconf 89' lang='lat' dir='ltr'>peregrini.</span> <span class='ocrx_word' id='word_1_56' title='bbox 552 1513 606 1585; x_wconf 91' lang='lat' dir='ltr'>Ab</span> <span class='ocrx_word' id='word_1_57' title='bbox 634 1514 698 1587; x_wconf 91' lang='lat' dir='ltr'>hac</span> <span class='ocrx_word' id='word_1_58' title='bbox 726 1516 860 1588; x_wconf 89' lang='lat' dir='ltr'>civitate</span> <span class='ocrx_word' id='word_1_59' title='bbox 890 1515 1017 1607; x_wconf 88' lang='lat' dir='ltr'>(distat)</span> <span class='ocrx_word' id='word_1_60' title='bbox 1044 1511 1321 1583; x_wconf 86' lang='lat' dir='ltr'>Antilibanus</span> 
     </span>
     <span class='ocr_line' id='line_1_10' title="bbox 310 1644 1321 1740; baseline -0.003 -25"><span class='ocrx_word' id='word_1_61' title='bbox 310 1667 372 1737; x_wconf 90' lang='lat' dir='ltr'>per</span> <span class='ocrx_word' id='word_1_62' title='bbox 393 1646 534 1717; x_wconf 88' lang='lat' dir='ltr'>alteram</span> <span class='ocrx_word' id='word_1_63' title='bbox 551 1647 720 1719; x_wconf 90' lang='lat' dir='ltr'>dimidiam</span> <span class='ocrx_word' id='word_1_64' title='bbox 734 1650 875 1740; x_wconf 88' lang='lat' dir='ltr'>leucam,</span> <span class='ocrx_word' id='word_1_65' title='bbox 905 1649 962 1721; x_wconf 93' lang='lat' dir='ltr'>ubi</span> <span class='ocrx_word' id='word_1_66' title='bbox 984 1647 1063 1717; x_wconf 86' lang='lat' dir='ltr'>vina</span> <span class='ocrx_word' id='word_1_67' title='bbox 1084 1644 1321 1716; x_wconf 87' lang='lat' dir='ltr'>delicatissima</span> 
     </span>
     <span class='ocr_line' id='line_1_11' title="bbox 262 1777 1321 1872; baseline -0.006 -21"><span class='ocrx_word' id='word_1_68' title='bbox 262 1791 264 1796; x_wconf 84' lang='lat'>&#39;</span> <span class='ocrx_word' id='word_1_69' title='bbox 304 1785 480 1870; x_wconf 87' lang='lat' dir='ltr'>crescunt,</span> <span class='ocrx_word' id='word_1_70' title='bbox 518 1781 560 1853; x_wconf 90' lang='lat' dir='ltr'>de</span> <span class='ocrx_word' id='word_1_71' title='bbox 596 1803 662 1872; x_wconf 93' lang='lat' dir='ltr'>quo</span> <span class='ocrx_word' id='word_1_72' title='bbox 700 1788 733 1853; x_wconf 87' lang='lat' dir='ltr'>et</span> <span class='ocrx_word' id='word_1_73' title='bbox 766 1783 953 1872; x_wconf 90' lang='lat' dir='ltr'>propheta:</span> <span class='ocrx_word' id='word_1_74' title='bbox 988 1777 1195 1850; x_wconf 82' lang='lat' dir='ltr'>Memoriule</span> <span class='ocrx_word' id='word_1_75' title='bbox 1228 1781 1321 1847; x_wconf 83' lang='lat' dir='ltr'>tunm</span> 
     </span>
     <span class='ocr_line' id='line_1_12' title="bbox 302 1911 1321 2005; baseline -0.004 -21"><span class='ocrx_word' id='word_1_76' title='bbox 302 1918 345 1983; x_wconf 82' lang='lat' dir='ltr'>at</span> <span class='ocrx_word' id='word_1_77' title='bbox 371 1914 488 1985; x_wconf 84' lang='lat' dir='ltr'>uinum</span> <span class='ocrx_word' id='word_1_78' title='bbox 516 1912 655 1987; x_wconf 70' lang='lat' dir='ltr'>Minui.</span> <span class='ocrx_word' id='word_1_79' title='bbox 700 1914 800 1986; x_wconf 89' lang='lat' dir='ltr'>Ultra</span> <span class='ocrx_word' id='word_1_80' title='bbox 827 1915 994 2005; x_wconf 83' lang='lat' dir='ltr'>Sidonem,</span> <span class='ocrx_word' id='word_1_81' title='bbox 1011 1919 1102 1998; x_wconf 51' lang='lat' dir='ltr'>‚ante</span> <span class='ocrx_word' id='word_1_82' title='bbox 1131 1911 1227 2004; x_wconf 89' lang='lat' dir='ltr'>cujus</span> <span class='ocrx_word' id='word_1_83' title='bbox 1244 1931 1321 2001; x_wconf 91' lang='lat' dir='ltr'>por-</span> 
     </span>
     <span class='ocr_line' id='line_1_13' title="bbox 303 2048 1123 2139; baseline -0.001 -21"><span class='ocrx_word' id='word_1_84' title='bbox 303 2053 386 2139; x_wconf 86' lang='lat' dir='ltr'>tam,</span> <span class='ocrx_word' id='word_1_85' title='bbox 416 2049 581 2123; x_wconf 91' lang='lat' dir='ltr'>Dominus</span> <span class='ocrx_word' id='word_1_86' title='bbox 609 2051 741 2122; x_wconf 83' lang='lat' dir='ltr'>sanavit</span> <span class='ocrx_word' id='word_1_87' title='bbox 767 2048 875 2120; x_wconf 76' lang='lat' dir='ltr'>filiam‘</span> <span class='ocrx_word' id='word_1_88' title='bbox 898 2048 1123 2120; x_wconf 88' lang='lat' dir='ltr'>chananaeae.</span> 
     </span>
     <span class='ocr_line' id='line_1_14' title="bbox 386 2180 1319 2275; baseline -0.003 -23"><span class='ocrx_word' id='word_1_89' title='bbox 386 2183 419 2252; x_wconf 88' lang='lat' dir='ltr'><strong>A</strong></span> <span class='ocrx_word' id='word_1_90' title='bbox 454 2183 577 2257; x_wconf 81' lang='lat' dir='ltr'>Sidone</span> <span class='ocrx_word' id='word_1_91' title='bbox 618 2206 681 2275; x_wconf 90' lang='lat' dir='ltr'>per</span> <span class='ocrx_word' id='word_1_92' title='bbox 715 2183 834 2272; x_wconf 89' lang='lat' dir='ltr'>viginti</span> <span class='ocrx_word' id='word_1_93' title='bbox 871 2181 1026 2251; x_wconf 87' lang='lat' dir='ltr'>milliaria</span> <span class='ocrx_word' id='word_1_94' title='bbox 1063 2180 1181 2252; x_wconf 90' lang='lat' dir='ltr'>italica</span> <span class='ocrx_word' id='word_1_95' title='bbox 1222 2182 1319 2252; x_wconf 83' lang='lat' dir='ltr'>extra</span> 
     </span>
     <span class='ocr_line' id='line_1_15' title="bbox 306 2313 1321 2406; baseline -0.006 -18"><span class='ocrx_word' id='word_1_96' title='bbox 306 2318 449 2389; x_wconf 85' lang='lat' dir='ltr'>Terram</span> <span class='ocrx_word' id='word_1_97' title='bbox 463 2318 619 2390; x_wconf 90' lang='lat' dir='ltr'>Sanctam</span> <span class='ocrx_word' id='word_1_98' title='bbox 638 2336 756 2389; x_wconf 85' lang='lat' dir='ltr'>versus</span> <span class='ocrx_word' id='word_1_99' title='bbox 771 2316 960 2406; x_wconf 89' lang='lat' dir='ltr'>aquilonem</span> <span class='ocrx_word' id='word_1_100' title='bbox 983 2320 1038 2386; x_wconf 85' lang='lat' dir='ltr'>est</span> <span class='ocrx_word' id='word_1_101' title='bbox 1064 2313 1246 2403; x_wconf 83' lang='lat' dir='ltr'>Bsruth,</span> <span class='ocrx_word' id='word_1_102' title='bbox 1276 2314 1321 2383; x_wconf 90' lang='lat' dir='ltr'>ci-</span> 
     </span>
     <span class='ocr_line' id='line_1_16' title="bbox 306 2446 1322 2541; baseline -0.006 -20"><span class='ocrx_word' id='word_1_103' title='bbox 306 2452 395 2524; x_wconf 90' lang='lat' dir='ltr'>vitas</span> <span class='ocrx_word' id='word_1_104' title='bbox 438 2452 593 2541; x_wconf 90' lang='lat' dir='ltr'>antiqua,</span> <span class='ocrx_word' id='word_1_105' title='bbox 636 2450 885 2522; x_wconf 88' lang='lat' dir='ltr'>abhorrendum</span> <span class='ocrx_word' id='word_1_106' title='bbox 929 2449 1055 2522; x_wconf 90' lang='lat' dir='ltr'>habens</span> <span class='ocrx_word' id='word_1_107' title='bbox 1093 2452 1243 2538; x_wconf 85' lang='lat' dir='ltr'>portum,</span> <span class='ocrx_word' id='word_1_108' title='bbox 1288 2446 1322 2515; x_wconf 93' lang='lat' dir='ltr'>in</span> 
     </span>
     <span class='ocr_line' id='line_1_17' title="bbox 306 2572 1321 2674; baseline -0.002 -22"><span class='ocrx_word' id='word_1_109' title='bbox 306 2605 373 2674; x_wconf 88' lang='lat' dir='ltr'>quo</span> <span class='ocrx_word' id='word_1_110' title='bbox 407 2583 604 2672; x_wconf 85' lang='lat' dir='ltr'>pernoctavi</span> <span class='ocrx_word' id='word_1_111' title='bbox 639 2604 705 2654; x_wconf 92' lang='lat' dir='ltr'>non</span> <span class='ocrx_word' id='word_1_112' title='bbox 740 2583 810 2655; x_wconf 86' lang='lat' dir='ltr'>sine</span> <span class='ocrx_word' id='word_1_113' title='bbox 844 2572 966 2654; x_wconf 76' lang='lat' dir='ltr'>dmore</span> <span class='ocrx_word' id='word_1_114' title='bbox 999 2581 1034 2651; x_wconf 92' lang='lat' dir='ltr'>in</span> <span class='ocrx_word' id='word_1_115' title='bbox 1065 2581 1182 2669; x_wconf 88' lang='lat' dir='ltr'>vigilia</span> <span class='ocrx_word' id='word_1_116' title='bbox 1215 2579 1321 2651; x_wconf 88' lang='lat' dir='ltr'>sancti</span> 
     </span>
     <span class='ocr_line' id='line_1_18' title="bbox 167 2713 1322 2808; baseline -0.003 -20"><span class='ocrx_word' id='word_1_117' title='bbox 167 2784 169 2788; x_wconf 50' lang='lat'>.</span> <span class='ocrx_word' id='word_1_118' title='bbox 303 2716 456 2789; x_wconf 74' lang='lat' dir='ltr'>vThomae</span> <span class='ocrx_word' id='word_1_119' title='bbox 478 2717 622 2808; x_wconf 89' lang='lat' dir='ltr'>apostoli</span> <span class='ocrx_word' id='word_1_120' title='bbox 649 2721 761 2787; x_wconf 85' lang='lat'>1422.</span> <span class='ocrx_word' id='word_1_121' title='bbox 804 2717 844 2788; x_wconf 96' lang='lat' dir='ltr'>In</span> <span class='ocrx_word' id='word_1_122' title='bbox 864 2714 1009 2805; x_wconf 88' lang='lat' dir='ltr'>quodam</span> <span class='ocrx_word' id='word_1_123' title='bbox 1029 2713 1225 2786; x_wconf 89' lang='lat' dir='ltr'>habitaculo</span> <span class='ocrx_word' id='word_1_124' title='bbox 1245 2714 1322 2784; x_wconf 91' lang='lat' dir='ltr'>sub·</span> 
     </span>
     <span class='ocr_line' id='line_1_19' title="bbox 143 2847 1318 2954; baseline -0.003 -33"><span class='ocrx_word' id='word_1_125' title='bbox 143 2949 145 2954; x_wconf 85' lang='lat'>.</span> <span class='ocrx_word' id='word_1_126' title='bbox 306 2857 465 2922; x_wconf 89' lang='lat' dir='ltr'>terraneo</span> <span class='ocrx_word' id='word_1_127' title='bbox 494 2851 602 2943; x_wconf 81' lang='lat' dir='ltr'>hujus·</span> <span class='ocrx_word' id='word_1_128' title='bbox 616 2851 758 2923; x_wconf 85' lang='lat' dir='ltr'>civitatis</span> <span class='ocrx_word' id='word_1_129' title='bbox 787 2849 978 2921; x_wconf 88' lang='lat' dir='ltr'>ostenditur</span> <span class='ocrx_word' id='word_1_130' title='bbox 994 2848 1105 2936; x_wconf 89' lang='lat' dir='ltr'>imago</span> <span class='ocrx_word' id='word_1_131' title='bbox 1124 2847 1318 2936; x_wconf 76' lang='lat' dir='ltr'>¹salvatoris²</span> 
     </span>
     <span class='ocr_line' id='line_1_20' title="bbox 151 2979 1373 3082; baseline -0.003 -28"><span class='ocrx_word' id='word_1_132' title='bbox 151 3077 160 3082; x_wconf 13' lang='grc' dir='ltr'>ἡ</span> <span class='ocrx_word' id='word_1_133' title='bbox 300 3002 374 3054; x_wconf 89' lang='lat' dir='ltr'>non</span> <span class='ocrx_word' id='word_1_134' title='bbox 405 2985 548 3057; x_wconf 91' lang='lat' dir='ltr'>multum</span> <span class='ocrx_word' id='word_1_135' title='bbox 583 2991 659 3074; x_wconf 91' lang='lat' dir='ltr'>post</span> <span class='ocrx_word' id='word_1_136' title='bbox 696 2984 885 3075; x_wconf 88' lang='lat' dir='ltr'>passionem</span> <span class='ocrx_word' id='word_1_137' title='bbox 921 2983 994 3074; x_wconf 89' lang='lat' dir='ltr'>ejus</span> <span class='ocrx_word' id='word_1_138' title='bbox 1028 2980 1072 3052; x_wconf 88' lang='lat' dir='ltr'>ad</span> <span class='ocrx_word' id='word_1_139' title='bbox 1105 2979 1320 3070; x_wconf 82' lang='lat' dir='ltr'>ignominiam</span> <span class='ocrx_word' id='word_1_140' title='bbox 1364 3007 1373 3018; x_wconf 90' lang='grc'><em>·</em></span> 
     </span>
     <span class='ocr_line' id='line_1_21' title="bbox 304 3082 1319 3213; baseline -0.009 -18"><span class='ocrx_word' id='word_1_141' title='bbox 304 3121 408 3213; x_wconf 87' lang='lat' dir='ltr'>ipsius</span> <span class='ocrx_word' id='word_1_142' title='bbox 437 3082 618 3191; x_wconf 40' lang='lat' dir='ltr'>&#39;ridiculose</span> <span class='ocrx_word' id='word_1_143' title='bbox 640 3110 790 3209; x_wconf 84' lang='lat' dir='ltr'>depicta</span> <span class='ocrx_word' id='word_1_144' title='bbox 830 3123 866 3189; x_wconf 89' lang='lat' dir='ltr'>et</span> <span class='ocrx_word' id='word_1_145' title='bbox 901 3116 942 3186; x_wconf 90' lang='lat' dir='ltr'>ab</span> <span class='ocrx_word' id='word_1_146' title='bbox 977 3113 1169 3187; x_wconf 90' lang='lat' dir='ltr'>infidelibus</span> <span class='ocrx_word' id='word_1_147' title='bbox 1205 3114 1319 3208; x_wconf 78' lang='lat' dir='ltr'>datuu-</span> 
     </span>
     <span class='ocr_line' id='line_1_22' title="bbox 304 3246 1318 3348; baseline -0.01 -20"><span class='ocrx_word' id='word_1_148' title='bbox 304 3263 386 3348; x_wconf 87' lang='lat' dir='ltr'>pata</span> <span class='ocrx_word' id='word_1_149' title='bbox 428 3258 464 3326; x_wconf 87' lang='lat' dir='ltr'>et</span> <span class='ocrx_word' id='word_1_150' title='bbox 503 3251 679 3345; x_wconf 85' lang='lat' dir='ltr'>percussa,</span> <span class='ocrx_word' id='word_1_151' title='bbox 692 3246 706 3264; x_wconf 65' lang='lat'><strong><em>⁹</em></strong></span> <span class='ocrx_word' id='word_1_152' title='bbox 722 3253 794 3332; x_wconf 63' lang='lat' dir='ltr'>itast</span> <span class='ocrx_word' id='word_1_153' title='bbox 808 3251 848 3322; x_wconf 89' lang='lat' dir='ltr'>ut</span> <span class='ocrx_word' id='word_1_154' title='bbox 889 3248 1087 3338; x_wconf 88' lang='lat' dir='ltr'>sauguinem</span> <span class='ocrx_word' id='word_1_155' title='bbox 1129 3253 1163 3319; x_wconf 90' lang='lat' dir='ltr'>et</span> <span class='ocrx_word' id='word_1_156' title='bbox 1200 3268 1318 3339; x_wconf 89' lang='lat' dir='ltr'>aquam</span> 
     </span>
     <span class='ocr_line' id='line_1_23' title="bbox 305 3380 1318 3480; baseline -0.016 -16"><span class='ocrx_word' id='word_1_157' title='bbox 305 3392 501 3480; x_wconf 87' lang='lat' dir='ltr'>emittebat,</span> <span class='ocrx_word' id='word_1_158' title='bbox 543 3380 648 3459; x_wconf 77' lang='lat' dir='ltr'>unde</span> <span class='ocrx_word' id='word_1_159' title='bbox 670 3384 806 3477; x_wconf 89' lang='lat' dir='ltr'>quidam</span> <span class='ocrx_word' id='word_1_160' title='bbox 822 3461 826 3466; x_wconf 60' lang='grc'><strong>,</strong></span> <span class='ocrx_word' id='word_1_161' title='bbox 841 3383 997 3455; x_wconf 86' lang='lat' dir='ltr'>conversi</span> <span class='ocrx_word' id='word_1_162' title='bbox 1030 3385 1126 3470; x_wconf 85' lang='lat' dir='ltr'>sunt,</span> <span class='ocrx_word' id='word_1_163' title='bbox 1174 3386 1211 3454; x_wconf 92' lang='lat' dir='ltr'>et</span> <span class='ocrx_word' id='word_1_164' title='bbox 1245 3384 1318 3451; x_wconf 82' lang='lat' dir='ltr'>erat</span> 
     </span>
     <span class='ocr_line' id='line_1_24' title="bbox 27 3512 1316 3614; baseline -0.012 -15"><span class='ocrx_word' id='word_1_165' title='bbox 27 3548 31 3558; x_wconf 81' lang='grc'><strong>’</strong></span> <span class='ocrx_word' id='word_1_166' title='bbox 167 3576 168 3579; x_wconf 21' lang='lat'>¹</span> <span class='ocrx_word' id='word_1_167' title='bbox 305 3527 416 3614; x_wconf 84' lang='lat' dir='ltr'>imago</span> <span class='ocrx_word' id='word_1_168' title='bbox 445 3519 566 3597; x_wconf 87' lang='lat' dir='ltr'>sedens</span> <span class='ocrx_word' id='word_1_169' title='bbox 594 3517 896 3599; x_wconf 69' lang='lat' dir='ltr'>oumldeluso&#39;ribus</span> <span class='ocrx_word' id='word_1_170' title='bbox 924 3517 1185 3607; x_wconf 86' lang='lat' dir='ltr'>circumquaque</span> <span class='ocrx_word' id='word_1_171' title='bbox 1212 3512 1316 3604; x_wconf 88' lang='lat' dir='ltr'>pictis,</span> 
     </span>
     <span class='ocr_line' id='line_1_25' title="bbox 235 3647 1317 3750; baseline -0.013 -20"><span class='ocrx_word' id='word_1_172' title='bbox 235 3695 236 3700; x_wconf 60' lang='lat'><em>=</em></span> <span class='ocrx_word' id='word_1_173' title='bbox 305 3665 478 3750; x_wconf 89' lang='lat' dir='ltr'>tamquam</span> <span class='ocrx_word' id='word_1_174' title='bbox 493 3672 497 3711; x_wconf 66' lang='grc' dir='ltr'><strong><em>ἐ</em></strong></span> <span class='ocrx_word' id='word_1_175' title='bbox 512 3650 681 3735; x_wconf 63' lang='grc' dir='ltr'>ἰηῗᾶοῑηο</span> <span class='ocrx_word' id='word_1_176' title='bbox 710 3650 830 3750; x_wconf 76' lang='lat' dir='ltr'>Puau,</span> <span class='ocrx_word' id='word_1_177' title='bbox 871 3673 946 3729; x_wconf 82' lang='lat' dir='ltr'>cum</span> <span class='ocrx_word' id='word_1_178' title='bbox 983 3654 1057 3721; x_wconf 84' lang='lat' dir='ltr'>erat</span> <span class='ocrx_word' id='word_1_179' title='bbox 1089 3647 1192 3748; x_wconf 83' lang='lat' dir='ltr'>spinis</span> <span class='ocrx_word' id='word_1_180' title='bbox 1225 3666 1317 3721; x_wconf 86' lang='lat' dir='ltr'>coro-</span> 
     </span>
    </p>
   </div>
   <div class='ocr_carea' id='block_1_3' title="bbox 105 3936 302 4024">
    <p class='ocr_par' dir='ltr' id='par_1_3' title="bbox 105 3936 302 4024">
     <span class='ocr_line' id='line_1_26' title="bbox 105 3936 302 4024; baseline 0 0"><span class='ocrx_word' id='word_1_181' title='bbox 105 3936 302 4024; x_wconf 69' lang='lat' dir='ltr'>A</span> 
     </span>
    </p>
   </div>
   <div class='ocr_carea' id='block_1_4' title="bbox 0 0 1396 4290">
    <p class='ocr_par' dir='ltr' id='par_1_4' title="bbox 0 0 1396 4290">
     <span class='ocr_line' id='line_1_27' title="bbox 0 0 1396 4290; baseline 0 1"><span class='ocrx_word' id='word_1_182' title='bbox 0 0 1396 4290; x_wconf 95' lang='lat' dir='ltr'> </span> 
     </span>
    </p>
   </div>
  </div>
 </body>
</html>
