2782 4290
195 398 247 465 ,20

202 579 281 651 inde
294 577 493 668 navigantes
520 577 555 648 in
581 573 724 647 insulam
750 545 881 662 choo,
911 570 1126 646 dimittebant
1145 572 1218 649 Co-

205 709 383 783 rinthios
409 711 445 780 in
471 709 605 780 sinistra
631 712 738 798 parte.
786 705 834 776 Et
856 705 934 776 inde
957 707 1155 795 navigantes
1182 711 1216 782 in

203 844 344 914 insulam
372 841 500 913 Sarno.
536 842 585 913 Et
611 840 689 912 inde
717 839 965 928 navigaverunt
992 840 1025 909 in
1040 840 1157 913 Asiam
1172 845 1216 914 ad

201 979 319 1050 urbem
335 976 565 1067 Ephesum,
594 995 689 1046 senus
702 994 795 1045 mare
810 995 911 1044 unum
925 973 1124 1046 milliarium.
1164 975 1214 1048 Et

200 1111 280 1183 inde
308 1109 563 1181 ambulaverunt
590 1108 624 1179 in
643 1106 736 1179 illurn
763 1107 883 1196 iocum,
913 1106 970 1177 ubi
989 1113 1121 1199 septem
1136 1111 1214 1181 dor-

200 1245 342 1316 mientes
380 1241 608 1330 requiescunt.
673 1239 721 1310 Et
758 1239 836 1311 inde
876 1241 1133 1313 ambulaverunt
1168 1246 1212 1315 ad

201 1381 353 1448 sanctum
380 1373 570 1447 Jnhannem
597 1371 853 1462 Evangelistnm
880 1374 913 1445 in
941 1373 1018 1444 loco
1047 1378 1209 1467 speciose,

199 1529 295 1580 secus
321 1492 508 1599 Ephesum.
562 1505 609 1578 Et
635 1505 713 1578 inde
741 1508 994 1580 ambulaverunt
1017 1508 1083 1579 dun
1111 1510 1210 1580 milli-

199 1643 272 1714 aria
299 1662 397 1714 secus
424 1662 517 1713 mare
546 1641 589 1712 ad
617 1639 727 1712 villam
755 1661 927 1730 magnam,
957 1661 1041 1730 quae
1069 1650 1208 1751 vocatur

198 1774 355 1864 Figila3
383 1774 428 1846 ibi
457 1779 554 1846 erant
580 1796 681 1845 unuln
714 1774 812 1844 diem.
871 1773 934 1864 Et,
968 1776 1076 1864 petito
1109 1798 1205 1869 pane,

196 1905 242 1979 ibi
274 1907 368 1979 ibant
394 1906 445 1978 ad
471 1907 597 1977 fontem
626 1929 728 1978 unum
756 1909 790 1978 in
817 1907 928 1978 media
956 1907 1044 2004 villa,
1074 1914 1121 2001 et,
1152 1933 1206 1983 se-

196 2039 314 2112 dentes
340 2041 387 2113 ibi
400 2061 503 2131 snper
515 2041 709 2130 marginem,
740 2040 918 2130 tingebant
933 2064 1053 2132 panem
1067 2043 1101 2114 in
1116 2065 1204 2137 aqua

195 2173 306 2245 etsie
334 2173 590 2246 manducabant.
634 2172 683 2244 Et
710 2174 787 2246 inde
801 2172 1009 2248 ambulantes
1037 2186 1204 2252 venerunt

193 2326 288 2378 secus
299 2328 391 2380 mare
408 2307 452 2378 ad
469 2308 587 2380 urbem
600 2305 855 2400 Strobolem,
878 2309 912 2379 in
930 2315 1080 2382 montem
1092 2313 1204 2386 excel-

192 2460 276 2511 sum.
318 2439 468 2511 Etinde
496 2441 590 2512 ibant
615 2441 649 2509 in
679 2440 797 2531 locum,
828 2443 1201 2538 quidicitanatara,

194 2577 229 2643 et
265 2572 332 2643 illie
366 2572 602 2661 morabantur,
646 2593 750 2663 usque
795 2574 873 2647 dum
911 2576 1028 2650 hiemis
1070 2580 1203 2667 gelidae

192 2702 396 2776 horrendum
424 2705 627 2794 praeteriret
643 2703 769 2795 frigus.
811 2709 860 2780 Et
873 2717 990 2800 postea
1016 2717 1095 2785 tune
1122 2714 1201 2786 inde

191 2837 389 2925 navigantes
407 2839 627 2911 veneruntad
641 2840 769 2938 urbem,
792 2863 877 2933 quae
889 2850 1033 2916 vocatur
1045 2845 1200 2938 Milite;

190 2968 248 3039 illa
273 2968 336 3040 fuit
365 2973 532 3062 quendam
561 2973 603 3044 de
631 2975 726 3064 aquis
758 2977 919 3066 peritura.
956 2979 1006 3050 lbi
1037 2980 1201 3054 sedebant

189 3101 255 3173 dun
270 3088 413 3176 solitarii
423 3106 457 3176 in
479 3106 609 3203 stulice,
639 3107 747 3199 idest,
776 3107 938 3182 fabricata
948 3118 1050 3203 atque
1066 3113 1200 3187 firmata

187 3255 262 3307 eum
296 3257 392 3309 mura
419 3260 541 3327 magno
569 3240 611 3311 de
645 3240 825 3333 lapidibus,
863 3245 963 3318 valde
990 3268 1129 3338 summa,
1158 3254 1197 3319 nt

186 3383 274 3459 aqua
307 3369 371 3442 illis
404 3393 527 3445 necere
560 3393 626 3443 non
659 3375 774 3464 possit.
837 3374 887 3445 Et
921 3377 999 3451 inde
1034 3380 1196 3453 transfre-

184 3505 341 3574 taverunt
353 3504 556 3576 admontem
572 3504 876 3580 Galliannrum.
905 3510 990 3582 Illud
1006 3513 1070 3584 init
1086 3518 1195 3585 totum

184 3634 466 3723 transmigratum.
509 3637 555 3707 et
587 3638 633 3710 ibi
660 3641 728 3710 aeri
756 3641 853 3716 famis
880 3646 1029 3718 restricti
1057 3645 1195 3720 fuerunt
